1878 3020
766 111 819 121 ..
881 88 939 134 33
1003 112 1053 121 ...

64 208 312 254 {sustinebo
326 213 441 254 'docet
460 225 484 252 a
498 210 684 251 Cicerone
704 211 780 252 hoc
795 209 952 264 quoque
967 212 1054 251 loco
1072 212 1150 251 duo
1172 224 1388 263 synonyma
1405 224 1493 252 esse
1516 212 1656 264 posita,
1679 213 1753 253 for-

63 290 190 326 tasse:
224 285 383 325 subire
414 284 844 324 conservandorum
866 283 1039 323 civium
1071 297 1215 323 causa
1246 289 1386 336 atque
1417 285 1482 325 ita
1514 286 1752 325 sustinere

25 375 27 378 ·
63 362 141 406 aut,
175 357 214 397 id
234 357 338 408 quod
358 356 539 396 Halmius
562 355 786 407 suspicatus
807 360 884 395 est:
918 355 1078 395 subire
1095 385 1105 395 .
1125 387 1133 396 .
1155 387 1191 397 ..
1216 361 1354 407 atque
1375 357 1441 396 ita
1472 358 1582 408 pati,
1616 362 1664 397 ut
1683 391 1692 399 .
1713 390 1721 399 .
1741 379 1749 386 ·

202 439 390 491 XXXVII.
404 439 637 487 99.Quare
653 460 698 465 —
717 438 1139 489 dirumpaturlicet
1160 438 1254 478 ista
1274 439 1397 479 furia
1419 445 1557 491 atque
1578 441 1750 480 audiat.

64 511 214 563 Atque
245 511 335 550 ferri
366 524 444 549 non
476 515 618 561 potest.
661 511 743 549 Iam
769 510 972 549 Ernestius
1004 515 1042 549 et
1061 523 1188 561 nuper
1207 510 1422 561 Madvigius
1450 511 1506 561 (p.
1531 509 1632 562 232)
1653 512 1752 551 dele-

62 587 217 629 verunt;
248 581 313 621 hic
344 581 502 621 audiet
533 581 782 621 scribendum
814 593 902 620 esse
932 580 1127 621 iudicavit.

202 653 348 692 Deinde
379 653 418 691 in
460 653 659 691 codicibus
692 652 882 701 scriptum
914 656 993 691 est:
1038 657 1087 690 ut
1117 653 1284 691 consul
1322 658 1511 702 togatus
1544 659 1750 692 armatos

62 724 270 773 vicerim,
306 724 517 775 privatus
559 723 837 763 consulibus
877 723 1072 763 armatis
1105 723 1343 763 cesserim.
1389 723 1588 764 Garatonii
1620 729 1750 766 autem

62 795 338 842 coniecturam,
372 795 438 844 qui
460 794 634 844 scripsit:
669 794 777 844 qui.
802 824 811 833 .
836 824 844 832 .
878 794 1070 832 vicerim
1101 795 1344 845 probabilem
1374 808 1452 833 non
1485 809 1590 842 esse,
1624 796 1749 845 quivis

61 864 173 905 facile
205 864 355 913 sentiet,
389 864 456 915 qui
486 877 648 904 causam
679 864 923 915 corruptelae
953 865 1173 904 accuratius
1195 865 1450 916 perspexerit.
1489 866 1596 905 Haec
1618 871 1749 906 autem

61 940 121 974 est
151 936 416 982 commutatio,
451 948 550 985 quae
583 948 700 985 saepe
731 935 769 973 in
801 935 912 974 codd.
936 935 1141 982 invenitur,
1174 937 1454 974 vocabulorum
1485 942 1533 975 ut
1564 942 1601 975 et
1633 949 1748 976 curn.

61 1006 196 1047 Cicero
229 1005 457 1056 scripserat:
491 1019 581 1045 cum
613 1006 750 1045 consul
773 1036 782 1046 .
809 1038 817 1046 .
841 1036 851 1044 .
885 1004 1041 1044 vicerim
1064 1037 1073 1044 .
1098 1037 1106 1045 .
1132 1037 1140 1044 .
1176 1006 1375 1047 cesserim.
1410 1006 1494 1055 (H.)

200 1088 403 1130 XXXVIII.
429 1091 526 1129 101.
560 1088 635 1139 Sp.
652 1087 809 1127 Maelii
829 1100 1023 1137 regnum
1054 1088 1323 1138 appetentis
1345 1085 1509 1127 domus
1532 1094 1602 1127 est
1634 1102 1747 1128 com-

60 1160 264 1211 planata.
297 1158 321 1205 †
343 1158 395 1197 Et
423 1158 499 1209 qui
530 1158 682 1198 aliud?
714 1159 756 1197 L.
781 1158 980 1209 Spengelii
1007 1159 1230 1198 coniectura
1251 1164 1311 1198 est
1332 1160 1572 1210 recipienda:
1597 1165 1634 1199 et
1656 1160 1749 1211 quia

58 1230 153 1270 illud
174 1243 342 1280 aequum
364 1229 554 1269 accidisse
575 1230 744 1281 populus
765 1230 969 1269 Romanus
991 1229 1129 1269 Maelio
1156 1229 1351 1278 iudicavit,
1384 1230 1542 1270 nomine
1573 1231 1659 1281 ipso
1677 1260 1687 1270 .
1708 1265 1715 1272 .
1737 1263 1744 1270 .

198 1312 400 1354 XXXVIII.
426 1314 522 1353 102.
555 1313 793 1364 Recipienda
834 1317 893 1351 est
930 1312 1177 1351 Mommsenii
1220 1313 1433 1363 scriptura:
1480 1326 1582 1352 cum
1614 1315 1747 1352 domo

56 1384 106 1422 M.
130 1382 280 1421 Fulvii
301 1382 444 1422 Flacci.
468 1383 516 1421 cf.
541 1383 756 1432 Lahmeyer
776 1383 816 1421 in
838 1382 978 1423 Philol.
1001 1386 1028 1420 t.
1051 1382 1155 1420 XXII
1186 1396 1223 1432 p.
1249 1386 1331 1424 469
1367 1383 1474 1430 (‚,die
1495 1383 1747 1433 Reihenfolge

55 1454 125 1493 der
156 1453 422 1503 Eigennamen
452 1453 513 1492 bei
545 1454 620 1492 den
650 1452 879 1499 Romern“).

197 1524 277 1565 XL.
302 1525 398 1565 105.
431 1524 528 1563 Hoc
549 1529 740 1564 auctore
761 1529 854 1563 tam
876 1528 1027 1571 casto,
1050 1528 1143 1562 tam
1164 1524 1410 1574 religioso,
1443 1530 1536 1564 tam
1559 1531 1743 1572 sancto,

56 1599 151 1634 tam
182 1594 277 1645 pio,
310 1594 514 1644 potestis
547 1594 804 1645 pontifices
835 1607 925 1633 non
948 1594 1246 1642 commoveri,
1280 1607 1457 1637 cum...
1491 1595 1617 1635 dicat
1633 1628 1743 1637 .....

56 1668 391 1704 consecrasse?

197 1735 297 1774 Cum
329 1736 455 1785 prima
486 1749 605 1774 manu
638 1737 722 1775 cod.
741 1736 830 1777 Par.
860 1736 1050 1786 scriptum
1083 1735 1153 1775 sit:
1189 1736 1261 1786 pio
1294 1735 1432 1775 testis
1463 1738 1653 1776 nonnulla
1684 1750 1746 1776 ex-

54 1804 197 1844 cidisse
227 1811 406 1855 apparct;
440 1818 531 1844 cum
561 1805 627 1844 alii
649 1806 724 1856 pio
757 1806 962 1856 potestis
985 1805 1225 1856 scripserint,
1259 1806 1440 1845 Halmius
1462 1807 1587 1846 deleto
1609 1807 1649 1846 in
1671 1808 1747 1847 fine

55 1875 268 1914 sententiae
298 1875 612 1925 interrogationis
645 1876 756 1925 signo
778 1877 983 1926 proposuit
1013 1889 1102 1915 non
1135 1878 1356 1926 potestis,
1391 1879 1493 1927 quod
1514 1878 1610 1916 mihi
1638 1891 1746 1928 prae-

54 1949 157 1983 stare
188 1944 355 1992 videtur3
387 1958 479 1984 nam
503 1946 638 1984 sedata
660 1950 698 1984 et
720 1945 873 1995 placida
898 1945 1044 1984 locutio
1075 1958 1164 1984 non
1198 1946 1400 1995 potestis
1432 1959 1520 1985 non
1553 1960 1744 1985 commo·

53 2015 147 2054 veri
178 2015 253 2054 hoc
284 2016 370 2054 loco
402 2015 532 2066 aptior
566 2021 638 2057 est.

193 2096 401 2138 XL1.107.
427 2096 489 2136 Ad
516 2097 694 2136 codicum
721 2097 952 2137 lectionem:
989 2097 1142 2148 pietas
1175 2097 1213 2136 si
1245 2097 1444 2137 honesta
1474 2098 1526 2137 de
1557 2098 1744 2137 numine

53 2180 210 2206 eorum
231 2180 283 2206 ac
304 2172 459 2207 mente
479 2168 641 2218 opinio
663 2168 833 2208 maxime
844 2167 992 2208 accedit
1002 2167 1293 2218 maximamque
1305 2168 1616 2218 probabilitatem
1628 2169 1745 2208 habet

52 2237 198 2277 Halmii
229 2237 471 2278 coniectura:
511 2251 596 2277 nec
627 2243 699 2278 est
730 2239 829 2279 ulla
859 2252 970 2289 erga
1000 2238 1112 2278 deos
1145 2238 1297 2289 pietas
1330 2237 1430 2277 sine
1460 2238 1660 2278 honesta
1691 2239 1744 2278 de

51 2308 240 2349 numine
261 2321 421 2348 eorum
442 2322 494 2348 ac
515 2315 671 2348 mente
692 2310 930 2360 opinione.
969 2310 1012 2348 In
1033 2309 1177 2349 Baiteri
1199 2314 1328 2348 autem
1351 2309 1586 2356 coniectura,
1610 2306 1744 2359 quam-

50 2378 109 2418 vis
141 2379 268 2430 primo
289 2380 478 2430 adspectu
509 2379 689 2428 arrideat,
722 2380 856 2420 deest
882 2379 1093 2419 durissime
1114 2379 1284 2429 positum
1308 2384 1378 2420 est.
1417 2379 1575 2427 Deinde,
1609 2392 1744 2430 quam-

52 2461 172 2499 quam
201 2449 241 2488 in
273 2449 456 2488 omnibus
478 2450 677 2489 codicibus
700 2450 891 2500 scriptum
913 2455 984 2497 est,
1018 2449 1254 2488 arbitrare
1285 2462 1361 2488 non
1389 2462 1523 2488 vereor
1544 2450 1744 2489 Ciceronis

50 2518 140 2559 usui
172 2520 450 2572 obtemperans
482 2533 574 2560 cum
604 2520 750 2561 Orellio
782 2520 953 2560 scribere
983 2506 1230 2559 arbitrere:

192 2601 289 2647 XLI.
304 2603 400 2643 107.
425 2602 526 2641 Cum
542 2602 722 2642 Ernestjo
739 2602 988 2642 scribendum
1004 2606 1081 2640 est:
1104 2602 1160 2639 ob
1176 2614 1370 2651 eamque
1390 2614 1580 2642 causam
1605 2615 1744 2643 unam

52 2665 236 2712 iniusta
266 2671 354 2712 illa
382 2672 634 2723 rogatione
665 2686 750 2713 sua
771 2698 785 2712 .-
806 2705 816 2715 .
840 2703 850 2714 .
874 2704 883 2712 .

191 2751 292 2798 XLI.
319 2756 414 2798 108.
454 2760 502 2796 at
532 2756 610 2808 qui
639 2756 803 2808 aliqua
834 2769 882 2796 se
907 2754 1197 2806 'contagione
1218 2755 1438 2806 praedae,
1473 2757 1742 2804 societatis,

0 2823 8 2872 j
51 2823 311 2876 emptionis
341 2827 800 2870 contaminaverunt.

1460 2898 1482 2933 3
