1878 3020
134 56 136 58 <
112 0 158 45 *a

742 25 1027 86 4243..

12 171 84 215 „ac
105 165 487 220 sapientissimorum
501 162 642 203 civium
658 163 866 202 adstante“
889 163 1097 211 concludit,
1121 166 1316 201 oratorem
1337 161 1375 200 in
1398 162 1489 208 §39
1508 160 1731 215 accuratius

0 227 87 289 {fide
107 250 302 288 augurum
321 237 406 275 iure
426 235 554 273 dicere
574 246 654 272 non
675 234 858 283 oportuit.
891 234 966 272 Sed
988 246 1060 283 ego
1081 232 1221 280 iudico,
1245 244 1412 280 augures
1433 232 1474 270 in
1493 231 1569 270 hac
1590 242 1733 269 caussa

39 323 65 350 a
85 307 334 362 pontificibus
355 309 399 344 ut
419 303 707 343 existimatores
728 304 905 343 omnium
926 317 1070 353 rerum,
1093 316 1195 354 quae
1210 304 1258 342 ad
1275 302 1452 353 auspicia
1475 302 1729 353 pertinebant,

36 392 126 419 esse
141 378 348 418 adhibitos.
372 376 420 414 ef.
438 375 675 424 Marquardt,
694 379 790 414 r6m.
811 375 1185 424 Staatsverwaltung
1200 375 1259 413 ΙΙΙ.
1278 388 1315 424 p.
1333 376 1436 414 384:
1454 373 1551 421 „Die
1567 373 1731 422 Augurn

37 448 137 497 sind,
159 447 233 487 wie
245 446 307 486 die
320 444 542 492 Pontifices,
565 445 628 484 ein
642 443 859 494 Collegium
880 458 955 484 von
973 444 1362 494 Sachverstandigen‚
1385 445 1527 482 dessen
1544 443 1730 482 Beistand

36 519 99 559 die
117 518 343 568 Magistrate
373 515 435 554 bei
456 516 559 554 allen
580 515 839 565 Handlungen
861 516 1110 566 requirieren,
1144 515 1205 554 bei
1226 515 1402 553 welchen
1424 515 1492 553 der
1514 514 1624 553 Staat
1647 513 1730 552 sich

2 622 4 625 s
37 591 107 630 der
138 587 435 636 Genehmigung
465 587 534 625 des
566 586 776 636 gottlichen
806 587 974 627 Willens
1005 600 1052 626 zu
1083 586 1305 626 versichern
1337 585 1447 626 hat.“

177 658 298 696 Porro
335 657 375 695 in
412 669 497 706 cap.
520 656 605 694 XIV
636 657 657 702 ἓ
691 659 743 696 38
785 657 991 707 dupliciter
1030 657 1208 707 imperite
1248 656 1388 694 fecisse
1424 656 1729 694 declamatorem

37 728 204 768 Wolfius
235 727 347 775 dicit,
381 727 570 778 primum,
604 728 707 776 quod
729 727 912 777 patricios
934 728 1052 766 etiam
1073 733 1157 766 tum
1179 727 1369 777 putaverit
1391 731 1571 765 auctores
1603 726 1728 765 factos

37 798 298 846 comitiorum,
321 797 359 836 id
376 798 480 847 quod
504 796 643 847 priscis
666 797 824 847 quidem
846 798 1038 836 aetatibus
1061 810 1195 836 verum
1217 797 1343 844 fuerit,
1369 809 1445 835 non
1460 796 1729 843 Ciceroniana,

39 882 116 921 qua
157 868 387 920 patriciatus
425 867 572 906 nemini
603 867 707 906 viam
747 867 787 906 in
820 867 1010 907 Senatum
1051 873 1117 907 aut
1149 867 1405 919 praecipuum
1445 867 1576 905 locum
1607 867 1729 913 daret,

38 941 107 979 sed
137 939 204 978 illa
236 938 462 987 auctoritas,
497 938 530 977 si
561 937 678 977 modo
718 939 849 987 fuerit,
892 953 979 978 esse
1010 939 1185 978 debuerit
1217 933 1418 978 Senatus
1450 938 1473 977 i.
1498 951 1531 980 e.
1554 938 1728 986 Patrum,

37 1022 117 1049 non
150 1009 421 1060 patriciorum3
454 1010 593 1048 deinde
614 1010 718 1059 quod
748 1010 845 1049 tanti
873 1010 1152 1049 existimaverit
1178 1010 1280 1049 hanc
1311 1022 1467 1048 omnem
1497 1022 1593 1056 rem,
1626 1009 1731 1058 quod

44 1085 175 1131 patres
206 1085 388 1119 auctores
425 1080 560 1119 fierent
599 1092 746 1128 eorum,
786 1093 885 1130 quae
916 1083 1084 1132 populus
1125 1081 1164 1120 in
1196 1080 1363 1119 comitiis
1395 1079 1588 1118 iussisset.
1650 1078 1731 1128 Ego

40 1150 210 1201 primum
242 1150 352 1188 illam
384 1149 655 1188 auctoritatem
685 1162 763 1188 non
796 1156 973 1198 senatus,
1016 1152 1084 1189 sed
1121 1151 1375 1201 patriciorum
1413 1150 1534 1188 fuisse
1574 1150 1731 1187 demon-

37 1221 192 1267 strabo;
224 1220 363 1259 deinde
385 1231 594 1269 exponam,
627 1220 737 1258 illam
764 1220 1035 1259 auctoritatem
1067 1221 1184 1259 etiam
1213 1226 1304 1258 tunc
1327 1219 1583 1258 Ciceroniana
1605 1224 1731 1257 aetate

37 1289 159 1329 fuisse
189 1302 314 1340 neque
346 1302 444 1338 esse,
478 1301 548 1328 cur
579 1293 774 1328 oratorem
805 1302 892 1328 eam
922 1289 1100 1340 imperite
1132 1290 1255 1340 pluris
1288 1289 1428 1328 fecisse
1458 1289 1649 1328 dicamus.

178 1359 305 1410 Atque
346 1359 519 1409 primum
559 1359 718 1408 quidem
761 1359 857 1398 satis
901 1365 1075 1407 constat,
1125 1366 1213 1398 acta
1258 1359 1507 1398 comitiorum
1548 1359 1604 1397 sic
1646 1364 1731 1397 rata

37 1429 183 1478 haberi,
227 1429 260 1468 si
292 1434 422 1480 patres
454 1442 591 1468 eorum
631 1434 810 1468 auctores
851 1429 942 1468 facti
980 1434 1102 1469 erant.
1166 1430 1241 1469 Sed
1273 1443 1362 1469 cum
1403 1442 1505 1468 anno
1546 1430 1594 1468 ab
1635 1430 1730 1467 urbe

38 1500 193 1538 condita
215 1502 313 1540 415.
347 1499 393 1546 Q.
417 1499 608 1537 Publilius
630 1499 744 1537 Philo
777 1499 902 1548 legem
933 1499 1100 1548 tulisset,
1134 1501 1276 1549 legum,
1310 1513 1410 1550 quae
1440 1500 1612 1538 comitiis
1644 1512 1729 1538 cen-

40 1570 193 1609 turiatis
225 1569 427 1617 ferrentur,
460 1573 550 1608 ante
580 1568 719 1609 initum
752 1569 979 1619 suffragium
1007 1574 1137 1620 patres
1165 1576 1343 1610 auctores
1365 1571 1500 1609 fierent
1531 1570 1626 1617 (Liv.
1649 1569 1730 1608 V111

39 1652 73 1680 c.
97 1639 181 1688 12),
215 1640 392 1690 patribus
423 1652 503 1678 non
533 1640 614 1678 iam
645 1639 773 1687 licuit,
816 1644 904 1678 acta
935 1641 1240 1680 centuriatorum
1274 1646 1310 1679 et
1341 1641 1580 1679 curiatorum
1613 1641 1730 1678 comi·

39 1709 180 1748 tiorum
212 1708 506 1760 reprehendere.
570 1709 716 1747 Deinde
747 1709 810 1748 lex
831 1709 984 1748 Maenia
1015 1710 1218 1750 intervenit
1251 1711 1300 1759 (a.
1325 1724 1359 1750 a.
1383 1723 1421 1751 u.
1445 1723 1478 1752 c.
1504 1710 1619 1758 468),
1652 1724 1730 1761 qua

40 1780 236 1819 sancitum
258 1785 328 1827 est,
362 1784 404 1818 ut
426 1779 634 1818 consulum
655 1776 992 1830 (magistratuum)
1016 1793 1183 1831 quoque,
1218 1782 1283 1832 qui
1311 1781 1480 1820 comitiis
1502 1781 1729 1819 centuriatis

40 1855 282 1897 crearentur,
317 1855 447 1900 patres
487 1854 576 1888 ante
613 1855 792 1888 auctores
824 1850 971 1889 fierent.
1035 1851 1136 1898 Quid
1167 1857 1299 1890 autem
1338 1853 1386 1891 de
1427 1852 1605 1902 patribus
1646 1864 1730 1890 sen·

39 1919 214 1958 tiendum
244 1923 330 1958 est?
391 1919 694 1969 Disputaverunt
732 1920 956 1969 nuperrime
986 1921 1034 1959 de
1065 1922 1139 1959 hac
1170 1935 1231 1960 re:
1271 1922 1319 1960 H.
1344 1922 1600 1960 Christensen
1642 1921 1731 1968 „die

39 1990 339 2041 urspriingliche
369 1990 597 2039 Bedeutung
627 1990 695 2029 der
725 1990 883 2040 patres“
916 1990 1098 2038 (Hermes
1120 1991 1191 2041 IX,
1225 2005 1263 2043 p
1290 1995 1372 2034 196
1406 1991 1531 2042 seqq.)
1573 1997 1650 2039 et,
1657 1991 1732 2039 ,die

822 2060 874 2078 ..st

42 2132 179 2182 Langii
220 2129 563 2171 commentationis
605 2132 680 2180 „de
720 2136 877 2182 patrum
917 2133 1173 2172 auctoritate“
1207 2135 1255 2172 ab
1296 2135 1433 2172 eodem
1473 2133 1660 2183 scriptam
1690 2133 1730 2171 in

39 2202 169 2242 annal.
193 2201 329 2253 philol.
353 2214 388 2243 a.
414 2203 525 2242 1876
548 2214 586 2252 p.
613 2203 716 2249 521;
749 2201 891 2250 Lange,
921 2202 969 2240 de
996 2206 1151 2253 patrum
1180 2204 1408 2242 auctoritate
1436 2203 1603 2251 (duabus
1625 2215 1730 2240 com-

39 2272 358 2321 mentationibus,
392 2285 560 2322 quarum
591 2285 670 2311 una
700 2271 857 2322 Lipsiae
887 2285 990 2311 anno
1019 2275 1130 2313 1875
1165 2274 1322 2324 prodiit,
1362 2275 1484 2313 altera
1514 2288 1548 2313 a.
1576 2273 1728 2321 1876);

40 2342 88 2382 cf.
104 2342 154 2382 H.
173 2342 353 2382 Schilleri
368 2354 578 2381 censuram
592 2342 733 2380 horum
748 2341 970 2380 libellorum
990 2342 1050 2381 in:
1084 2343 1274 2382 Bursians
1291 2343 1579 2382 Jahresbericht
1595 2347 1622 2384 t.
1640 2342 1729 2382 XIX

39 2425 78 2464 p.
101 2414 187 2454 400
210 2425 319 2464 seqq.
364 2412 487 2452 Nobis
509 2417 646 2455 contra
666 2411 800 2451 Wolfii
821 2411 1054 2452 sententiam
1075 2412 1114 2451 id
1135 2413 1265 2452 solum
1285 2413 1633 2452 demonstrandum
1655 2418 1727 2460 est,

30 2494 118 2537 ,non
139 2487 342 2531 senatum,
376 2483 445 2522 sed
475 2482 660 2533 patricios
691 2495 781 2522 esse
811 2487 991 2532 auctores
1022 2483 1159 2522 factos.
1220 2483 1372 2523 Horum
1404 2483 1660 2534 patriciorum
1691 2483 1729 2522 id

16 2560 19 2561 ’
35 2556 193 2609 quoque
213 2557 307 2603 erat,
329 2558 374 2594 ut
392 2553 626 2603 interregem
646 2553 874 2605 proderent3
907 2552 976 2593 sed
996 2565 1235 2605 quamquam
1256 2552 1297 2592 hi
1317 2552 1436 2593 etiam
1456 2557 1588 2604 patres
1609 2552 1748 2602 (velut'

0 2636 109 2687 stup.
106 2622 309 2665 Livium
297 2638 339 2664 m
359 2624 427 2666 lib.
444 2623 566 2664 XXII.
590 2637 627 2664 c
649 2627 729 2666 34.
761 2624 974 2674 interreges
996 2624 1139 2675 proditi
1160 2630 1253 2664 sunt
1273 2638 1297 2664 a
1317 2623 1512 2675 patribus)
1533 2625 1729 2673 dicuntur,

0 2694 184 2745 tamen
204 2695 441 2760 interregem
469 2708 551 2736 non
577 2709 606 2736 a
634 2699 793 2746 senatu,
837 2696 906 2736 sed
936 2708 960 2734 a
990 2693 1166 2746 patriciis
1203 2694 1401 2746 proditum
1436 2707 1526 2734 esse
1562 2707 1611 2735 ex
1641 2695 1730 2734 loco

0 2764 199 2818 Asconii
213 2767 485 2862 intellegitur
527 2766 638 2809 Nam
661 2778 760 2819 cum
773 2768 879 2822 apud
898 2777 990 2806 eum
1009 2764 1202 2817 seriptum
1223 2765 1274 2805 sit
1300 2764 1516 2816 (Riessling
1537 2770 1576 2806 et
1595 2764 1731 2807 Scholl
