<?xml version="1.0" encoding="UTF-8"?>
<!DOCTYPE html PUBLIC "-//W3C//DTD XHTML 1.0 Transitional//EN"
    "http://www.w3.org/TR/xhtml1/DTD/xhtml1-transitional.dtd">
<html xmlns="http://www.w3.org/1999/xhtml" xml:lang="en" lang="en">
 <head>
  <title>
</title>
<meta http-equiv="Content-Type" content="text/html;charset=utf-8" />
  <meta name='ocr-system' content='tesseract 3.04.00' />
  <meta name='ocr-capabilities' content='ocr_page ocr_carea ocr_par ocr_line ocrx_word'/>
</head>
<body>
  <div class='ocr_page' id='page_1' title='image "4738053_0068.png"; bbox 0 0 1878 3020; ppageno 0'>
   <div class='ocr_carea' id='block_1_1' title="bbox 0 0 1274 665">
    <p class='ocr_par' dir='ltr' id='par_1_1' title="bbox 0 0 1274 665">
     <span class='ocr_line' id='line_1_1' title="bbox 0 0 1274 377; baseline 0 -36"><span class='ocrx_word' id='word_1_1' title='bbox 0 0 1274 377; x_wconf 95' lang='lat' dir='ltr'>   </span> 
     </span>
     <span class='ocr_line' id='line_1_2' title="bbox 0 377 290 665; baseline 0 -211"><span class='ocrx_word' id='word_1_2' title='bbox 0 377 290 665; x_wconf 95' lang='lat' dir='ltr'>   </span> 
     </span>
    </p>
   </div>
   <div class='ocr_carea' id='block_1_2' title="bbox 0 270 1769 784">
    <p class='ocr_par' dir='ltr' id='par_1_2' title="bbox 57 270 1767 638">
     <span class='ocr_line' id='line_1_3' title="bbox 62 270 1767 358; baseline -0.001 -18"><span class='ocrx_word' id='word_1_3' title='bbox 62 348 70 358; x_wconf 23' lang='grc' dir='ltr'><strong>ἑ</strong></span> <span class='ocrx_word' id='word_1_4' title='bbox 348 270 430 340; x_wconf 21' lang='lat' dir='ltr'>’Ut</span> <span class='ocrx_word' id='word_1_5' title='bbox 459 312 585 340; x_wconf 89' lang='lat' dir='ltr'>unum</span> <span class='ocrx_word' id='word_1_6' title='bbox 614 295 848 354; x_wconf 84' lang='lat' dir='ltr'>exemplum</span> <span class='ocrx_word' id='word_1_7' title='bbox 878 300 1052 349; x_wconf 83' lang='lat' dir='ltr'>afferam,</span> <span class='ocrx_word' id='word_1_8' title='bbox 1095 299 1135 338; x_wconf 90' lang='lat' dir='ltr'>in</span> <span class='ocrx_word' id='word_1_9' title='bbox 1166 299 1251 339; x_wconf 83' lang='lat' dir='ltr'>vat.</span> <span class='ocrx_word' id='word_1_10' title='bbox 1285 312 1319 339; x_wconf 91' lang='lat' dir='ltr'>c.</span> <span class='ocrx_word' id='word_1_11' title='bbox 1351 298 1431 348; x_wconf 90' lang='lat' dir='ltr'>XII,</span> <span class='ocrx_word' id='word_1_12' title='bbox 1456 301 1529 339; x_wconf 85' lang='lat'>30:</span> <span class='ocrx_word' id='word_1_13' title='bbox 1569 299 1624 339; x_wconf 89' lang='lat' dir='ltr'>ita</span> <span class='ocrx_word' id='word_1_14' title='bbox 1661 299 1767 339; x_wconf 90' lang='lat' dir='ltr'>enim</span> 
     </span>
     <span class='ocr_line' id='line_1_4' title="bbox 45 352 1767 427; baseline -0.002 -12.939"><span class='ocrx_word' id='word_1_15' title='bbox 45 371 102 421; x_wconf 58' lang='lat' dir='ltr'><em>J</em></span> <span class='ocrx_word' id='word_1_16' title='bbox 96 352 369 427; x_wconf 16' lang='lat' dir='ltr'>luds-*epulum</span> <span class='ocrx_word' id='word_1_17' title='bbox 407 376 468 411; x_wconf 87' lang='lat' dir='ltr'>est</span> <span class='ocrx_word' id='word_1_18' title='bbox 504 371 683 420; x_wconf 83' lang='lat' dir='ltr'><strong>funebre,</strong></span> <span class='ocrx_word' id='word_1_19' title='bbox 726 376 769 410; x_wconf 90' lang='lat' dir='ltr'>ut</span> <span class='ocrx_word' id='word_1_20' title='bbox 805 384 949 410; x_wconf 90' lang='lat' dir='ltr'>munus</span> <span class='ocrx_word' id='word_1_21' title='bbox 990 371 1041 411; x_wconf 92' lang='lat' dir='ltr'>sit</span> <span class='ocrx_word' id='word_1_22' title='bbox 1077 371 1244 419; x_wconf 84' lang='lat' dir='ltr'>funeris,</span> <span class='ocrx_word' id='word_1_23' title='bbox 1286 371 1426 422; x_wconf 87' lang='lat' dir='ltr'>epulae</span> <span class='ocrx_word' id='word_1_24' title='bbox 1463 371 1620 421; x_wconf 91' lang='lat' dir='ltr'>quidem</span> <span class='ocrx_word' id='word_1_25' title='bbox 1656 371 1767 422; x_wconf 84' lang='lat' dir='ltr'>ipsae</span> 
     </span>
     <span class='ocr_line' id='line_1_5' title="bbox 45 377 1765 491; baseline 0 -10"><span class='ocrx_word' id='word_1_26' title='bbox 45 377 102 435; x_wconf 39' lang='grc' dir='ltr'>Ἢ</span> <span class='ocrx_word' id='word_1_27' title='bbox 104 423 136 433; x_wconf 62' lang='lat'>,„</span> <span class='ocrx_word' id='word_1_28' title='bbox 259 444 266 445; x_wconf 61' lang='grc'><em>’</em></span> <span class='ocrx_word' id='word_1_29' title='bbox 353 441 449 481; x_wconf 85' lang='lat' dir='ltr'>Vide</span> <span class='ocrx_word' id='word_1_30' title='bbox 479 441 682 481; x_wconf 88' lang='lat' dir='ltr'><strong>Halmium</strong></span> <span class='ocrx_word' id='word_1_31' title='bbox 711 442 761 481; x_wconf 90' lang='lat' dir='ltr'>ad</span> <span class='ocrx_word' id='word_1_32' title='bbox 791 441 830 482; x_wconf 90' lang='lat' dir='ltr'>h.</span> <span class='ocrx_word' id='word_1_33' title='bbox 864 442 890 483; x_wconf 92' lang='lat' dir='ltr'>l.</span> <span class='ocrx_word' id='word_1_34' title='bbox 923 442 972 481; x_wconf 86' lang='lat' dir='ltr'>cf.</span> <span class='ocrx_word' id='word_1_35' title='bbox 1007 441 1109 481; x_wconf 89' lang='lat' dir='ltr'>Sest.</span> <span class='ocrx_word' id='word_1_36' title='bbox 1142 441 1219 489; x_wconf 89' lang='lat' dir='ltr'>VII,</span> <span class='ocrx_word' id='word_1_37' title='bbox 1246 443 1312 482; x_wconf 87' lang='lat'>15.</span> <span class='ocrx_word' id='word_1_38' title='bbox 1383 440 1683 491; x_wconf 83' lang='lat' dir='ltr'>Naegelsbach,</span> <span class='ocrx_word' id='word_1_39' title='bbox 1697 442 1765 483; x_wconf 83' lang='lat' dir='ltr'>lat.</span> 
     </span>
     <span class='ocr_line' id='line_1_6' title="bbox 527 510 1765 564; baseline 0.001 -13"><span class='ocrx_word' id='word_1_40' title='bbox 527 511 700 563; x_wconf 85' lang='lat' dir='ltr'>Seyffert,</span> <span class='ocrx_word' id='word_1_41' title='bbox 734 511 811 564; x_wconf 85' lang='lat' dir='ltr'>pal.</span> <span class='ocrx_word' id='word_1_42' title='bbox 846 511 926 552; x_wconf 89' lang='lat' dir='ltr'>Cic.</span> <span class='ocrx_word' id='word_1_43' title='bbox 961 514 998 553; x_wconf 90' lang='lat'>6.</span> <span class='ocrx_word' id='word_1_44' title='bbox 1029 510 1131 553; x_wconf 88' lang='lat' dir='ltr'>Aufl.</span> <span class='ocrx_word' id='word_1_45' title='bbox 1166 525 1203 562; x_wconf 89' lang='lat' dir='ltr'>p.</span> <span class='ocrx_word' id='word_1_46' title='bbox 1239 513 1306 552; x_wconf 87' lang='lat'>93.</span> <span class='ocrx_word' id='word_1_47' title='bbox 1370 510 1471 561; x_wconf 87' lang='lat' dir='ltr'>Guil.</span> <span class='ocrx_word' id='word_1_48' title='bbox 1505 511 1765 560; x_wconf 87' lang='lat' dir='ltr'>Grossmann‚</span> 
     </span>
     <span class='ocr_line' id='line_1_7' title="bbox 76 583 1344 638; baseline -0.004 -12"><span class='ocrx_word' id='word_1_49' title='bbox 76 588 125 626; x_wconf 83' lang='lat' dir='ltr'>&#39;de</span> <span class='ocrx_word' id='word_1_50' title='bbox 156 583 348 638; x_wconf 84' lang='lat' dir='ltr'>particula</span> <span class='ocrx_word' id='word_1_51' title='bbox 378 583 546 633; x_wconf 88' lang='lat' dir='ltr'>quidem.</span> <span class='ocrx_word' id='word_1_52' title='bbox 610 583 844 632; x_wconf 82' lang='lat' dir='ltr'>Regimonti.</span> <span class='ocrx_word' id='word_1_53' title='bbox 880 585 1006 624; x_wconf 90' lang='grc'>1880.</span> <span class='ocrx_word' id='word_1_54' title='bbox 1047 597 1083 633; x_wconf 89' lang='grc' dir='ltr'>Ρ.</span> <span class='ocrx_word' id='word_1_55' title='bbox 1121 586 1202 624; x_wconf 90' lang='grc'>112</span> <span class='ocrx_word' id='word_1_56' title='bbox 1236 596 1344 633; x_wconf 82' lang='lat' dir='ltr'>seqq.</span> 
     </span>
    </p>

    <p class='ocr_par' dir='ltr' id='par_1_3' title="bbox 0 652 1769 784">
     <span class='ocr_line' id='line_1_8' title="bbox 218 652 1769 704; baseline -0.002 -10"><span class='ocrx_word' id='word_1_57' title='bbox 218 654 322 694; x_wconf 91' lang='lat' dir='ltr'>Tum</span> <span class='ocrx_word' id='word_1_58' title='bbox 361 653 401 692; x_wconf 89' lang='lat' dir='ltr'>in</span> <span class='ocrx_word' id='word_1_59' title='bbox 438 666 471 693; x_wconf 90' lang='lat' dir='ltr'>c.</span> <span class='ocrx_word' id='word_1_60' title='bbox 503 653 585 692; x_wconf 93' lang='lat' dir='ltr'><strong>VIII</strong></span> <span class='ocrx_word' id='word_1_61' title='bbox 625 654 646 701; x_wconf 70' lang='grc' dir='ltr'>ἓ</span> <span class='ocrx_word' id='word_1_62' title='bbox 679 656 733 695; x_wconf 85' lang='grc'>20</span> <span class='ocrx_word' id='word_1_63' title='bbox 773 653 943 693; x_wconf 88' lang='lat' dir='ltr'>Wolfius</span> <span class='ocrx_word' id='word_1_64' title='bbox 984 653 1167 704; x_wconf 86' lang='lat' dir='ltr'>scriptori</span> <span class='ocrx_word' id='word_1_65' title='bbox 1205 653 1322 692; x_wconf 86' lang='lat' dir='ltr'>huius</span> <span class='ocrx_word' id='word_1_66' title='bbox 1361 652 1549 692; x_wconf 88' lang='lat' dir='ltr'>orationis</span> <span class='ocrx_word' id='word_1_67' title='bbox 1587 652 1769 692; x_wconf 86' lang='lat' dir='ltr'>iniuriam</span> 
     </span>
     <span class='ocr_line' id='line_1_9' title="bbox 0 700 1766 784; baseline -0.003 -19"><span class='ocrx_word' id='word_1_68' title='bbox 0 724 58 784; x_wconf 70' lang='grc' dir='ltr'>ξ</span> <span class='ocrx_word' id='word_1_69' title='bbox 77 700 181 774; x_wconf 68' lang='lat' dir='ltr'>facit,</span> <span class='ocrx_word' id='word_1_70' title='bbox 223 724 290 775; x_wconf 86' lang='lat' dir='ltr'>qui</span> <span class='ocrx_word' id='word_1_71' title='bbox 320 736 411 763; x_wconf 89' lang='lat' dir='ltr'>eum</span> <span class='ocrx_word' id='word_1_72' title='bbox 441 724 533 762; x_wconf 90' lang='lat' dir='ltr'>boni</span> <span class='ocrx_word' id='word_1_73' title='bbox 564 736 661 763; x_wconf 90' lang='lat' dir='ltr'>usus</span> <span class='ocrx_word' id='word_1_74' title='bbox 693 723 886 762; x_wconf 87' lang='lat' dir='ltr'>sermonis</span> <span class='ocrx_word' id='word_1_75' title='bbox 918 723 1144 774; x_wconf 87' lang='lat' dir='ltr'>imperitum</span> <span class='ocrx_word' id='word_1_76' title='bbox 1174 723 1297 762; x_wconf 83' lang='lat' dir='ltr'>fuisse</span> <span class='ocrx_word' id='word_1_77' title='bbox 1327 723 1442 761; x_wconf 90' lang='lat' dir='ltr'>dicat.</span> <span class='ocrx_word' id='word_1_78' title='bbox 1515 721 1611 769; x_wconf 88' lang='lat' dir='ltr'>Quis</span> <span class='ocrx_word' id='word_1_79' title='bbox 1647 722 1766 770; x_wconf 90' lang='lat' dir='ltr'>enim,</span> 
     </span>
    </p>
   </div>
   <div class='ocr_carea' id='block_1_3' title="bbox 0 793 1772 988">
    <p class='ocr_par' dir='ltr' id='par_1_4' title="bbox 0 772 1772 988">
     <span class='ocr_line' id='line_1_10' title="bbox 0 793 1772 855; baseline -0.002 -19"><span class='ocrx_word' id='word_1_80' title='bbox 0 802 29 820; x_wconf 99' lang='lat'><em>³</em></span> <span class='ocrx_word' id='word_1_81' title='bbox 78 795 214 855; x_wconf 85' lang='lat' dir='ltr'>inquit,</span> <span class='ocrx_word' id='word_1_82' title='bbox 261 799 352 834; x_wconf 84' lang='lat' dir='ltr'>ante</span> <span class='ocrx_word' id='word_1_83' title='bbox 392 794 499 848; x_wconf 81' lang='lat' dir='ltr'>hunc</span> <span class='ocrx_word' id='word_1_84' title='bbox 539 794 637 834; x_wconf 84' lang='lat' dir='ltr'>dixit</span> <span class='ocrx_word' id='word_1_85' title='bbox 683 794 890 843; x_wconf 89' lang='lat' dir='ltr'>„homines</span> <span class='ocrx_word' id='word_1_86' title='bbox 936 793 1178 845; x_wconf 87' lang='lat' dir='ltr'>publicare“</span> <span class='ocrx_word' id='word_1_87' title='bbox 1185 807 1195 810; x_wconf 50' lang='lat'><strong>²</strong></span> <span class='ocrx_word' id='word_1_88' title='bbox 1257 793 1333 833; x_wconf 86' lang='lat' dir='ltr'>Sed</span> <span class='ocrx_word' id='word_1_89' title='bbox 1371 793 1592 844; x_wconf 83' lang='lat' dir='ltr'>inspiciant,</span> <span class='ocrx_word' id='word_1_90' title='bbox 1636 793 1702 844; x_wconf 91' lang='lat' dir='ltr'>qui</span> <span class='ocrx_word' id='word_1_91' title='bbox 1748 807 1772 832; x_wconf 89' lang='lat' dir='ltr'>a</span> 
     </span>
     <span class='ocr_line' id='line_1_11' title="bbox 0 850 1703 915; baseline -0.002 -9"><span class='ocrx_word' id='word_1_92' title='bbox 0 866 37 884; x_wconf 59' lang='lat'>⁵¹</span> <span class='ocrx_word' id='word_1_93' title='bbox 79 866 224 906; x_wconf 83' lang='lat' dir='ltr'>Wolfio</span> <span class='ocrx_word' id='word_1_94' title='bbox 255 850 415 915; x_wconf 68' lang='lat' dir='ltr'>iaciunt,</span> <span class='ocrx_word' id='word_1_95' title='bbox 458 865 559 906; x_wconf 87' lang='lat' dir='ltr'>Sest.</span> <span class='ocrx_word' id='word_1_96' title='bbox 594 878 626 905; x_wconf 86' lang='lat' dir='ltr'>c.</span> <span class='ocrx_word' id='word_1_97' title='bbox 660 865 782 904; x_wconf 90' lang='lat' dir='ltr'><strong>XXVI</strong></span> <span class='ocrx_word' id='word_1_98' title='bbox 818 870 857 905; x_wconf 88' lang='lat' dir='ltr'>et</span> <span class='ocrx_word' id='word_1_99' title='bbox 888 878 921 905; x_wconf 92' lang='lat' dir='ltr'>c.</span> <span class='ocrx_word' id='word_1_100' title='bbox 954 865 1109 905; x_wconf 92' lang='lat' dir='ltr'><strong>XXVII.</strong></span> <span class='ocrx_word' id='word_1_101' title='bbox 1149 866 1197 905; x_wconf 94' lang='lat' dir='ltr'>de</span> <span class='ocrx_word' id='word_1_102' title='bbox 1238 865 1312 904; x_wconf 93' lang='lat' dir='ltr'>hoc</span> <span class='ocrx_word' id='word_1_103' title='bbox 1343 864 1440 904; x_wconf 91' lang='lat' dir='ltr'>nihil</span> <span class='ocrx_word' id='word_1_104' title='bbox 1477 864 1703 914; x_wconf 84' lang='lat' dir='ltr'>cogitante.</span> 
     </span>
     <span class='ocr_line' id='line_1_12' title="bbox 15 933 1766 988; baseline -0.002 -11"><span class='ocrx_word' id='word_1_105' title='bbox 15 933 17 935; x_wconf 39' lang='lat'><strong><em>¹</em></strong></span> <span class='ocrx_word' id='word_1_106' title='bbox 79 943 139 978; x_wconf 91' lang='lat' dir='ltr'>est</span> <span class='ocrx_word' id='word_1_107' title='bbox 168 940 361 987; x_wconf 81' lang='lat' dir='ltr'>rogatum,</span> <span class='ocrx_word' id='word_1_108' title='bbox 403 942 445 976; x_wconf 90' lang='lat' dir='ltr'>ut</span> <span class='ocrx_word' id='word_1_109' title='bbox 476 937 648 976; x_wconf 89' lang='lat' dir='ltr'>sedens.</span> <span class='ocrx_word' id='word_1_110' title='bbox 741 937 966 987; x_wconf 82' lang='lat' dir='ltr'>.praeeoni</span> <span class='ocrx_word' id='word_1_111' title='bbox 997 937 1154 988; x_wconf 86' lang='lat' dir='ltr'>publico</span> <span class='ocrx_word' id='word_1_112' title='bbox 1187 936 1439 984; x_wconf 88' lang='lat' dir='ltr'>subiceretur,</span> <span class='ocrx_word' id='word_1_113' title='bbox 1479 940 1517 974; x_wconf 88' lang='lat' dir='ltr'>et</span> <span class='ocrx_word' id='word_1_114' title='bbox 1549 935 1766 986; x_wconf 84' lang='lat' dir='ltr'>imperante</span> 
     </span>
    </p>
   </div>
   <div class='ocr_carea' id='block_1_4' title="bbox 0 968 1820 2608">
    <p class='ocr_par' dir='ltr' id='par_1_5' title="bbox 0 968 1775 1619">
     <span class='ocr_line' id='line_1_13' title="bbox 44 968 1772 1059; baseline -0.001 -13"><span class='ocrx_word' id='word_1_115' title='bbox 44 1001 52 1007; x_wconf 34' lang='lat'>²</span> <span class='ocrx_word' id='word_1_116' title='bbox 79 999 226 1059; x_wconf 82' lang='lat' dir='ltr'>populo</span> <span class='ocrx_word' id='word_1_117' title='bbox 259 1007 451 1054; x_wconf 81' lang='lat' dir='ltr'>Romano,</span> <span class='ocrx_word' id='word_1_118' title='bbox 496 1007 562 1057; x_wconf 90' lang='lat' dir='ltr'>qui</span> <span class='ocrx_word' id='word_1_119' title='bbox 593 968 715 1046; x_wconf 48' lang='lat' dir='ltr'>etiam.</span> <span class='ocrx_word' id='word_1_120' title='bbox 741 1008 843 1045; x_wconf 91' lang='lat' dir='ltr'>bello</span> <span class='ocrx_word' id='word_1_121' title='bbox 882 1007 994 1046; x_wconf 87' lang='lat' dir='ltr'>victis</span> <span class='ocrx_word' id='word_1_122' title='bbox 1024 1007 1181 1056; x_wconf 86' lang='lat' dir='ltr'>regibus</span> <span class='ocrx_word' id='word_1_123' title='bbox 1213 1020 1332 1056; x_wconf 87' lang='lat' dir='ltr'>regna</span> <span class='ocrx_word' id='word_1_124' title='bbox 1363 1007 1523 1045; x_wconf 84' lang='lat' dir='ltr'>reddere</span> <span class='ocrx_word' id='word_1_125' title='bbox 1559 1007 1772 1053; x_wconf 85' lang='lat' dir='ltr'>consuevit,</span> 
     </span>
     <span class='ocr_line' id='line_1_14' title="bbox 0 1076 1774 1128; baseline -0.001 -12"><span class='ocrx_word' id='word_1_126' title='bbox 0 1090 3 1116; x_wconf 86' lang='grc'>;</span> <span class='ocrx_word' id='word_1_127' title='bbox 78 1091 147 1118; x_wconf 84' lang='lat' dir='ltr'>rex</span> <span class='ocrx_word' id='word_1_128' title='bbox 179 1077 330 1118; x_wconf 90' lang='lat' dir='ltr'>amicus</span> <span class='ocrx_word' id='word_1_129' title='bbox 361 1077 470 1116; x_wconf 89' lang='lat' dir='ltr'>nulla</span> <span class='ocrx_word' id='word_1_130' title='bbox 500 1077 642 1116; x_wconf 89' lang='lat' dir='ltr'>iniuria</span> <span class='ocrx_word' id='word_1_131' title='bbox 673 1082 991 1125; x_wconf 87' lang='lat' dir='ltr'>commemorata,</span> <span class='ocrx_word' id='word_1_132' title='bbox 1033 1078 1152 1117; x_wconf 89' lang='lat' dir='ltr'>nullis</span> <span class='ocrx_word' id='word_1_133' title='bbox 1184 1078 1300 1116; x_wconf 87' lang='lat' dir='ltr'>rebus</span> <span class='ocrx_word' id='word_1_134' title='bbox 1332 1076 1505 1128; x_wconf 86' lang='lat' dir='ltr'>repetitis</span> <span class='ocrx_word' id='word_1_135' title='bbox 1537 1089 1628 1115; x_wconf 90' lang='lat' dir='ltr'>cum</span> <span class='ocrx_word' id='word_1_136' title='bbox 1659 1076 1774 1115; x_wconf 89' lang='lat' dir='ltr'>bonis</span> 
     </span>
     <span class='ocr_line' id='line_1_15' title="bbox 24 1131 1775 1197; baseline -0.001 -11"><span class='ocrx_word' id='word_1_137' title='bbox 24 1138 26 1141; x_wconf 39' lang='lat'>¹</span> <span class='ocrx_word' id='word_1_138' title='bbox 80 1147 262 1186; x_wconf 89' lang='lat' dir='ltr'>omnibus</span> <span class='ocrx_word' id='word_1_139' title='bbox 298 1146 580 1197; x_wconf 82' lang='lat' dir='ltr'>publicaretur3</span> <span class='ocrx_word' id='word_1_140' title='bbox 617 1147 683 1186; x_wconf 91' lang='lat' dir='ltr'>ille</span> <span class='ocrx_word' id='word_1_141' title='bbox 725 1146 892 1197; x_wconf 88' lang='lat' dir='ltr'>Cyprius</span> <span class='ocrx_word' id='word_1_142' title='bbox 924 1147 1042 1186; x_wconf 84' lang='lat' dir='ltr'>miser</span> <span class='ocrx_word' id='word_1_143' title='bbox 1065 1178 1073 1186; x_wconf 90' lang='lat'>.</span> <span class='ocrx_word' id='word_1_144' title='bbox 1099 1178 1108 1186; x_wconf 92' lang='lat'>.</span> <span class='ocrx_word' id='word_1_145' title='bbox 1133 1180 1142 1189; x_wconf 86' lang='lat'>.</span> <span class='ocrx_word' id='word_1_146' title='bbox 1167 1178 1175 1186; x_wconf 89' lang='lat'>.</span> <span class='ocrx_word' id='word_1_147' title='bbox 1215 1131 1347 1194; x_wconf 74' lang='lat' dir='ltr'>vivus,</span> <span class='ocrx_word' id='word_1_148' title='bbox 1384 1151 1427 1185; x_wconf 85' lang='lat' dir='ltr'>ut</span> <span class='ocrx_word' id='word_1_149' title='bbox 1465 1146 1591 1194; x_wconf 90' lang='lat' dir='ltr'>aiunt,</span> <span class='ocrx_word' id='word_1_150' title='bbox 1635 1151 1695 1185; x_wconf 91' lang='lat' dir='ltr'>est</span> <span class='ocrx_word' id='word_1_151' title='bbox 1737 1151 1775 1185; x_wconf 91' lang='lat' dir='ltr'>et</span> 
     </span>
     <span class='ocr_line' id='line_1_16' title="bbox 82 1209 1770 1267; baseline 0.001 -12"><span class='ocrx_word' id='word_1_152' title='bbox 82 1217 214 1260; x_wconf 86' lang='lat' dir='ltr'>videns</span> <span class='ocrx_word' id='word_1_153' title='bbox 253 1229 344 1256; x_wconf 90' lang='lat' dir='ltr'>cum</span> <span class='ocrx_word' id='word_1_154' title='bbox 382 1218 483 1256; x_wconf 90' lang='lat' dir='ltr'>victu</span> <span class='ocrx_word' id='word_1_155' title='bbox 521 1230 567 1256; x_wconf 87' lang='lat' dir='ltr'>ac</span> <span class='ocrx_word' id='word_1_156' title='bbox 603 1217 745 1256; x_wconf 86' lang='lat' dir='ltr'>vestitu</span> <span class='ocrx_word' id='word_1_157' title='bbox 793 1209 864 1256; x_wconf 89' lang='lat' dir='ltr'>suo</span> <span class='ocrx_word' id='word_1_158' title='bbox 910 1218 1143 1267; x_wconf 83' lang='lat' dir='ltr'>publicatus.</span> <span class='ocrx_word' id='word_1_159' title='bbox 1210 1218 1320 1256; x_wconf 88' lang='lat' dir='ltr'>Adde</span> <span class='ocrx_word' id='word_1_160' title='bbox 1359 1217 1519 1255; x_wconf 89' lang='lat' dir='ltr'>Florum</span> <span class='ocrx_word' id='word_1_161' title='bbox 1561 1217 1621 1264; x_wconf 93' lang='lat' dir='ltr'>III,</span> <span class='ocrx_word' id='word_1_162' title='bbox 1654 1221 1692 1264; x_wconf 90' lang='lat'>9,</span> <span class='ocrx_word' id='word_1_163' title='bbox 1727 1220 1770 1257; x_wconf 87' lang='lat'>3:</span> 
     </span>
     <span class='ocr_line' id='line_1_17' title="bbox 81 1286 1769 1338; baseline -0.001 -11"><span class='ocrx_word' id='word_1_164' title='bbox 81 1286 311 1327; x_wconf 77' lang='lat' dir='ltr'>Divitiarum</span> <span class='ocrx_word' id='word_1_165' title='bbox 338 1291 447 1326; x_wconf 88' lang='lat' dir='ltr'>tanta</span> <span class='ocrx_word' id='word_1_166' title='bbox 468 1292 551 1327; x_wconf 89' lang='lat' dir='ltr'>erat</span> <span class='ocrx_word' id='word_1_167' title='bbox 572 1287 689 1336; x_wconf 88' lang='lat' dir='ltr'>fama,</span> <span class='ocrx_word' id='word_1_168' title='bbox 721 1300 793 1326; x_wconf 88' lang='lat' dir='ltr'>nec</span> <span class='ocrx_word' id='word_1_169' title='bbox 814 1288 927 1336; x_wconf 86' lang='lat' dir='ltr'>falso,</span> <span class='ocrx_word' id='word_1_170' title='bbox 959 1292 1003 1326; x_wconf 92' lang='lat' dir='ltr'>ut</span> <span class='ocrx_word' id='word_1_171' title='bbox 1023 1288 1145 1327; x_wconf 86' lang='lat' dir='ltr'>victor</span> <span class='ocrx_word' id='word_1_172' title='bbox 1174 1288 1348 1337; x_wconf 85' lang='lat' dir='ltr'>gentium</span> <span class='ocrx_word' id='word_1_173' title='bbox 1373 1288 1540 1338; x_wconf 87' lang='lat' dir='ltr'>populus</span> <span class='ocrx_word' id='word_1_174' title='bbox 1562 1292 1598 1326; x_wconf 91' lang='lat' dir='ltr'>et</span> <span class='ocrx_word' id='word_1_175' title='bbox 1622 1288 1769 1326; x_wconf 87' lang='lat' dir='ltr'>donare</span> 
     </span>
     <span class='ocr_line' id='line_1_18' title="bbox 81 1358 1775 1408; baseline 0 -12"><span class='ocrx_word' id='word_1_176' title='bbox 81 1370 200 1407; x_wconf 81' lang='lat' dir='ltr'>regna</span> <span class='ocrx_word' id='word_1_177' title='bbox 237 1363 449 1396; x_wconf 90' lang='lat' dir='ltr'>consuetus</span> <span class='ocrx_word' id='word_1_178' title='bbox 480 1358 522 1397; x_wconf 93' lang='lat' dir='ltr'>P.</span> <span class='ocrx_word' id='word_1_179' title='bbox 557 1358 693 1397; x_wconf 92' lang='lat' dir='ltr'>Clodio</span> <span class='ocrx_word' id='word_1_180' title='bbox 731 1358 819 1399; x_wconf 89' lang='lat' dir='ltr'>trib.</span> <span class='ocrx_word' id='word_1_181' title='bbox 853 1359 951 1397; x_wconf 89' lang='lat' dir='ltr'>duce</span> <span class='ocrx_word' id='word_1_182' title='bbox 988 1358 1084 1397; x_wconf 89' lang='lat' dir='ltr'>socii</span> <span class='ocrx_word' id='word_1_183' title='bbox 1120 1359 1272 1408; x_wconf 84' lang='lat' dir='ltr'>vivique</span> <span class='ocrx_word' id='word_1_184' title='bbox 1312 1358 1415 1407; x_wconf 85' lang='lat' dir='ltr'>regis</span> <span class='ocrx_word' id='word_1_185' title='bbox 1453 1358 1775 1397; x_wconf 86' lang='lat' dir='ltr'>confiscationem</span> 
     </span>
     <span class='ocr_line' id='line_1_19' title="bbox 80 1415 1767 1479; baseline 0.001 -14"><span class='ocrx_word' id='word_1_186' title='bbox 80 1427 332 1466; x_wconf 82' lang='lat' dir='ltr'>mandaverit.</span> <span class='ocrx_word' id='word_1_187' title='bbox 372 1428 421 1467; x_wconf 91' lang='lat' dir='ltr'>cf.</span> <span class='ocrx_word' id='word_1_188' title='bbox 454 1415 736 1477; x_wconf 75' lang='lat' dir='ltr'>Naegelsbach,</span> <span class='ocrx_word' id='word_1_189' title='bbox 776 1429 843 1469; x_wconf 88' lang='lat' dir='ltr'>lat.</span> <span class='ocrx_word' id='word_1_190' title='bbox 878 1428 963 1468; x_wconf 76' lang='lat' dir='ltr'>Stil,</span> <span class='ocrx_word' id='word_1_191' title='bbox 1004 1442 1041 1479; x_wconf 92' lang='lat' dir='ltr'>p.</span> <span class='ocrx_word' id='word_1_192' title='bbox 1077 1431 1151 1475; x_wconf 89' lang='lat'>51;</span> <span class='ocrx_word' id='word_1_193' title='bbox 1194 1427 1313 1466; x_wconf 88' lang='lat' dir='ltr'>Halm</span> <span class='ocrx_word' id='word_1_194' title='bbox 1344 1428 1392 1466; x_wconf 88' lang='lat' dir='ltr'>ad</span> <span class='ocrx_word' id='word_1_195' title='bbox 1425 1428 1525 1467; x_wconf 90' lang='lat' dir='ltr'>Sest.</span> <span class='ocrx_word' id='word_1_196' title='bbox 1567 1440 1599 1467; x_wconf 89' lang='lat' dir='ltr'>c.</span> <span class='ocrx_word' id='word_1_197' title='bbox 1633 1427 1767 1475; x_wconf 89' lang='lat' dir='ltr'><strong>XXVI,</strong></span> 
     </span>
     <span class='ocr_line' id='line_1_20' title="bbox 86 1494 1773 1551; baseline 0 -14"><span class='ocrx_word' id='word_1_198' title='bbox 86 1496 301 1544; x_wconf 75' lang='lat' dir='ltr'>573K10tz</span> <span class='ocrx_word' id='word_1_199' title='bbox 332 1499 381 1536; x_wconf 93' lang='lat' dir='ltr'>ad</span> <span class='ocrx_word' id='word_1_200' title='bbox 412 1511 467 1537; x_wconf 86' lang='lat' dir='ltr'>or.</span> <span class='ocrx_word' id='word_1_201' title='bbox 500 1499 547 1537; x_wconf 91' lang='lat' dir='ltr'>de</span> <span class='ocrx_word' id='word_1_202' title='bbox 578 1499 694 1537; x_wconf 90' lang='lat' dir='ltr'>domo</span> <span class='ocrx_word' id='word_1_203' title='bbox 725 1499 746 1545; x_wconf 73' lang='grc' dir='ltr'><strong>ἓ</strong></span> <span class='ocrx_word' id='word_1_204' title='bbox 771 1501 825 1540; x_wconf 86' lang='grc'>20</span> <span class='ocrx_word' id='word_1_205' title='bbox 858 1494 960 1551; x_wconf 85' lang='lat' dir='ltr'>(Vol.</span> <span class='ocrx_word' id='word_1_206' title='bbox 984 1498 1032 1536; x_wconf 91' lang='lat'>111</span> <span class='ocrx_word' id='word_1_207' title='bbox 1066 1512 1101 1549; x_wconf 91' lang='lat' dir='ltr'>p.</span> <span class='ocrx_word' id='word_1_208' title='bbox 1126 1500 1233 1545; x_wconf 76' lang='lat'>9433</span> <span class='ocrx_word' id='word_1_209' title='bbox 1266 1497 1422 1548; x_wconf 87' lang='lat' dir='ltr'>Lipsiae</span> <span class='ocrx_word' id='word_1_210' title='bbox 1453 1498 1593 1546; x_wconf 85' lang='lat'>1839).</span> <span class='ocrx_word' id='word_1_211' title='bbox 1638 1498 1773 1537; x_wconf 90' lang='lat' dir='ltr'>Savels</span> 
     </span>
     <span class='ocr_line' id='line_1_21' title="bbox 84 1571 475 1619; baseline 0.008 -13"><span class='ocrx_word' id='word_1_212' title='bbox 84 1571 294 1609; x_wconf 87' lang='lat' dir='ltr'>comment.</span> <span class='ocrx_word' id='word_1_213' title='bbox 335 1580 372 1619; x_wconf 92' lang='lat' dir='ltr'>p.</span> <span class='ocrx_word' id='word_1_214' title='bbox 409 1571 475 1609; x_wconf 87' lang='lat'>16.</span> 
     </span>
    </p>

    <p class='ocr_par' dir='ltr' id='par_1_6' title="bbox 85 1637 1778 1898">
     <span class='ocr_line' id='line_1_22' title="bbox 223 1637 1775 1690; baseline 0.001 -14"><span class='ocrx_word' id='word_1_215' title='bbox 223 1637 410 1688; x_wconf 83' lang='lat' dir='ltr'>Magnum</span> <span class='ocrx_word' id='word_1_216' title='bbox 446 1639 742 1687; x_wconf 87' lang='lat' dir='ltr'>documentum,</span> <span class='ocrx_word' id='word_1_217' title='bbox 790 1652 839 1678; x_wconf 90' lang='lat' dir='ltr'>ne</span> <span class='ocrx_word' id='word_1_218' title='bbox 877 1639 1063 1690; x_wconf 91' lang='lat' dir='ltr'>quidquid</span> <span class='ocrx_word' id='word_1_219' title='bbox 1105 1639 1273 1678; x_wconf 85' lang='lat' dir='ltr'>formam</span> <span class='ocrx_word' id='word_1_220' title='bbox 1316 1639 1553 1678; x_wconf 88' lang='lat' dir='ltr'>rhetoricam</span> <span class='ocrx_word' id='word_1_221' title='bbox 1595 1652 1689 1689; x_wconf 91' lang='lat' dir='ltr'>prae</span> <span class='ocrx_word' id='word_1_222' title='bbox 1733 1652 1775 1678; x_wconf 89' lang='lat' dir='ltr'>se</span> 
     </span>
     <span class='ocr_line' id='line_1_23' title="bbox 85 1708 1776 1758; baseline 0.001 -11"><span class='ocrx_word' id='word_1_223' title='bbox 85 1708 176 1757; x_wconf 89' lang='lat' dir='ltr'>fert,</span> <span class='ocrx_word' id='word_1_224' title='bbox 218 1708 405 1747; x_wconf 87' lang='lat' dir='ltr'>Cicerone</span> <span class='ocrx_word' id='word_1_225' title='bbox 449 1709 651 1758; x_wconf 88' lang='lat' dir='ltr'>indignum</span> <span class='ocrx_word' id='word_1_226' title='bbox 696 1722 784 1748; x_wconf 90' lang='lat' dir='ltr'>esse</span> <span class='ocrx_word' id='word_1_227' title='bbox 828 1709 1024 1757; x_wconf 80' lang='lat' dir='ltr'>dieamus,</span> <span class='ocrx_word' id='word_1_228' title='bbox 1064 1709 1104 1747; x_wconf 88' lang='lat' dir='ltr'>in</span> <span class='ocrx_word' id='word_1_229' title='bbox 1147 1721 1180 1747; x_wconf 91' lang='lat' dir='ltr'>c.</span> <span class='ocrx_word' id='word_1_230' title='bbox 1220 1709 1271 1747; x_wconf 93' lang='lat' dir='ltr'>IX</span> <span class='ocrx_word' id='word_1_231' title='bbox 1308 1710 1329 1756; x_wconf 74' lang='grc' dir='ltr'>ἓ</span> <span class='ocrx_word' id='word_1_232' title='bbox 1368 1712 1418 1750; x_wconf 93' lang='grc'>21</span> <span class='ocrx_word' id='word_1_233' title='bbox 1459 1709 1670 1757; x_wconf 79' lang='lat' dir='ltr'>habemus,</span> <span class='ocrx_word' id='word_1_234' title='bbox 1709 1709 1776 1748; x_wconf 89' lang='lat' dir='ltr'>ubi</span> 
     </span>
     <span class='ocr_line' id='line_1_24' title="bbox 85 1778 1774 1829; baseline 0.001 -12"><span class='ocrx_word' id='word_1_235' title='bbox 85 1778 125 1817; x_wconf 90' lang='lat' dir='ltr'>in</span> <span class='ocrx_word' id='word_1_236' title='bbox 156 1778 283 1817; x_wconf 89' lang='lat' dir='ltr'>verbis</span> <span class='ocrx_word' id='word_1_237' title='bbox 328 1791 473 1829; x_wconf 87' lang='lat' dir='ltr'>„quem</span> <span class='ocrx_word' id='word_1_238' title='bbox 508 1784 550 1818; x_wconf 91' lang='lat' dir='ltr'>tu</span> <span class='ocrx_word' id='word_1_239' title='bbox 587 1778 628 1817; x_wconf 91' lang='lat' dir='ltr'>in</span> <span class='ocrx_word' id='word_1_240' title='bbox 663 1791 708 1818; x_wconf 91' lang='lat' dir='ltr'>eo</span> <span class='ocrx_word' id='word_1_241' title='bbox 739 1778 894 1828; x_wconf 84' lang='lat' dir='ltr'>negotio</span> <span class='ocrx_word' id='word_1_242' title='bbox 934 1791 1013 1818; x_wconf 91' lang='lat' dir='ltr'>non</span> <span class='ocrx_word' id='word_1_243' title='bbox 1045 1791 1115 1829; x_wconf 87' lang='lat' dir='ltr'>pro</span> <span class='ocrx_word' id='word_1_244' title='bbox 1153 1778 1258 1817; x_wconf 90' lang='lat' dir='ltr'>illius</span> <span class='ocrx_word' id='word_1_245' title='bbox 1290 1778 1477 1828; x_wconf 86' lang='lat' dir='ltr'>dignitate</span> <span class='ocrx_word' id='word_1_246' title='bbox 1519 1780 1774 1829; x_wconf 82' lang='lat' dir='ltr'>produxeras,</span> 
     </span>
     <span class='ocr_line' id='line_1_25' title="bbox 87 1848 1778 1898; baseline 0.001 -12"><span class='ocrx_word' id='word_1_247' title='bbox 87 1848 155 1886; x_wconf 90' lang='lat' dir='ltr'>sed</span> <span class='ocrx_word' id='word_1_248' title='bbox 177 1860 248 1898; x_wconf 87' lang='lat' dir='ltr'>pro</span> <span class='ocrx_word' id='word_1_249' title='bbox 278 1852 346 1887; x_wconf 89' lang='lat' dir='ltr'>tuo</span> <span class='ocrx_word' id='word_1_250' title='bbox 369 1848 516 1886; x_wconf 89' lang='lat' dir='ltr'>scelere</span> <span class='ocrx_word' id='word_1_251' title='bbox 537 1848 809 1887; x_wconf 84' lang='lat' dir='ltr'>subduxeras“</span> <span class='ocrx_word' id='word_1_252' title='bbox 831 1848 1022 1887; x_wconf 90' lang='lat' dir='ltr'>molestus</span> <span class='ocrx_word' id='word_1_253' title='bbox 1053 1849 1164 1887; x_wconf 87' lang='lat' dir='ltr'>lusus</span> <span class='ocrx_word' id='word_1_254' title='bbox 1186 1849 1394 1887; x_wconf 86' lang='lat' dir='ltr'>verborum</span> <span class='ocrx_word' id='word_1_255' title='bbox 1424 1849 1554 1887; x_wconf 85' lang='lat' dir='ltr'>inesse</span> <span class='ocrx_word' id='word_1_256' title='bbox 1574 1849 1778 1887; x_wconf 86' lang='lat' dir='ltr'>videbatur</span> 
     </span>
    </p>

    <p class='ocr_par' dir='ltr' id='par_1_7' title="bbox 16 1916 1820 2607">
     <span class='ocr_line' id='line_1_26' title="bbox 43 1916 1774 1969; baseline 0.002 -12"><span class='ocrx_word' id='word_1_257' title='bbox 43 1937 46 1940; x_wconf 47' lang='lat'><strong>⁴</strong></span> <span class='ocrx_word' id='word_1_258' title='bbox 87 1916 231 1957; x_wconf 87' lang='lat' dir='ltr'>Wolfio</span> <span class='ocrx_word' id='word_1_259' title='bbox 247 1930 326 1957; x_wconf 93' lang='lat' dir='ltr'>non</span> <span class='ocrx_word' id='word_1_260' title='bbox 347 1918 533 1968; x_wconf 85' lang='lat' dir='ltr'>cogitanti</span> <span class='ocrx_word' id='word_1_261' title='bbox 552 1918 655 1958; x_wconf 86' lang='lat' dir='ltr'>hanc</span> <span class='ocrx_word' id='word_1_262' title='bbox 671 1918 999 1958; x_wconf 88' lang='lat' dir='ltr'>adnominationis</span> <span class='ocrx_word' id='word_1_263' title='bbox 1022 1918 1193 1969; x_wconf 86' lang='lat' dir='ltr'>speciem</span> <span class='ocrx_word' id='word_1_264' title='bbox 1209 1919 1329 1969; x_wconf 83' lang='lat' dir='ltr'>(auct.</span> <span class='ocrx_word' id='word_1_265' title='bbox 1353 1919 1402 1958; x_wconf 89' lang='lat' dir='ltr'>ad</span> <span class='ocrx_word' id='word_1_266' title='bbox 1419 1918 1511 1958; x_wconf 89' lang='lat' dir='ltr'>Her.</span> <span class='ocrx_word' id='word_1_267' title='bbox 1535 1918 1595 1968; x_wconf 91' lang='lat' dir='ltr'>IV,</span> <span class='ocrx_word' id='word_1_268' title='bbox 1613 1921 1681 1968; x_wconf 89' lang='lat'>21,</span> <span class='ocrx_word' id='word_1_269' title='bbox 1701 1919 1774 1967; x_wconf 87' lang='grc'>29)</span> 
     </span>
     <span class='ocr_line' id='line_1_27' title="bbox 16 1983 1775 2042; baseline 0.001 -16"><span class='ocrx_word' id='word_1_270' title='bbox 16 1983 24 2042; x_wconf 29' lang='lat'>‚¹</span> <span class='ocrx_word' id='word_1_271' title='bbox 89 1988 322 2038; x_wconf 87' lang='lat' dir='ltr'>saepissime</span> <span class='ocrx_word' id='word_1_272' title='bbox 368 1989 409 2027; x_wconf 92' lang='lat' dir='ltr'>in</span> <span class='ocrx_word' id='word_1_273' title='bbox 457 1988 658 2027; x_wconf 88' lang='lat' dir='ltr'>Ciceronis</span> <span class='ocrx_word' id='word_1_274' title='bbox 710 1989 952 2028; x_wconf 88' lang='lat' dir='ltr'>orationibus</span> <span class='ocrx_word' id='word_1_275' title='bbox 989 1989 1164 2037; x_wconf 78' lang='lat' dir='ltr'>invenirI,</span> <span class='ocrx_word' id='word_1_276' title='bbox 1211 1990 1315 2027; x_wconf 90' lang='lat' dir='ltr'>velut</span> <span class='ocrx_word' id='word_1_277' title='bbox 1351 2002 1423 2039; x_wconf 90' lang='lat' dir='ltr'>pro</span> <span class='ocrx_word' id='word_1_278' title='bbox 1462 1988 1573 2028; x_wconf 89' lang='lat' dir='ltr'>Sulla</span> <span class='ocrx_word' id='word_1_279' title='bbox 1616 1989 1676 2038; x_wconf 83' lang='lat' dir='ltr'>IV,</span> <span class='ocrx_word' id='word_1_280' title='bbox 1708 1991 1775 2037; x_wconf 87' lang='lat'>12,</span> 
     </span>
     <span class='ocr_line' id='line_1_28' title="bbox 87 2057 1776 2109; baseline 0.002 -12"><span class='ocrx_word' id='word_1_281' title='bbox 87 2057 184 2108; x_wconf 86' lang='lat' dir='ltr'>XVI,</span> <span class='ocrx_word' id='word_1_282' title='bbox 207 2061 275 2108; x_wconf 80' lang='lat'>47,</span> <span class='ocrx_word' id='word_1_283' title='bbox 312 2058 429 2108; x_wconf 91' lang='lat' dir='ltr'><strong>XXII,</strong></span> <span class='ocrx_word' id='word_1_284' title='bbox 454 2061 521 2109; x_wconf 88' lang='lat'>63,</span> <span class='ocrx_word' id='word_1_285' title='bbox 560 2059 601 2099; x_wconf 91' lang='lat' dir='ltr'>in</span> <span class='ocrx_word' id='word_1_286' title='bbox 638 2058 745 2099; x_wconf 89' lang='lat' dir='ltr'>Verr.</span> <span class='ocrx_word' id='word_1_287' title='bbox 786 2058 830 2109; x_wconf 92' lang='lat' dir='ltr'>ll,</span> <span class='ocrx_word' id='word_1_288' title='bbox 856 2061 921 2109; x_wconf 83' lang='lat'>72,</span> <span class='ocrx_word' id='word_1_289' title='bbox 954 2061 1057 2108; x_wconf 75' lang='lat'>1793</span> <span class='ocrx_word' id='word_1_290' title='bbox 1099 2059 1201 2101; x_wconf 85' lang='lat' dir='ltr'>conf.</span> <span class='ocrx_word' id='word_1_291' title='bbox 1234 2058 1355 2100; x_wconf 89' lang='lat' dir='ltr'>Halm</span> <span class='ocrx_word' id='word_1_292' title='bbox 1395 2059 1445 2099; x_wconf 92' lang='lat' dir='ltr'>ad</span> <span class='ocrx_word' id='word_1_293' title='bbox 1476 2059 1573 2100; x_wconf 85' lang='lat' dir='ltr'>Suu.</span> <span class='ocrx_word' id='word_1_294' title='bbox 1616 2059 1675 2109; x_wconf 92' lang='lat' dir='ltr'>IV,</span> <span class='ocrx_word' id='word_1_295' title='bbox 1702 2063 1776 2102; x_wconf 84' lang='lat'>12:</span> 
     </span>
     <span class='ocr_line' id='line_1_29' title="bbox 89 2127 1778 2192; baseline 0.001 -24"><span class='ocrx_word' id='word_1_296' title='bbox 89 2127 222 2192; x_wconf 81' lang='lat' dir='ltr'>„Nihil</span> <span class='ocrx_word' id='word_1_297' title='bbox 258 2130 363 2183; x_wconf 89' lang='lat' dir='ltr'>enim</span> <span class='ocrx_word' id='word_1_298' title='bbox 393 2130 634 2180; x_wconf 86' lang='lat' dir='ltr'>frequentius</span> <span class='ocrx_word' id='word_1_299' title='bbox 665 2135 726 2168; x_wconf 90' lang='lat' dir='ltr'>est</span> <span class='ocrx_word' id='word_1_300' title='bbox 756 2129 797 2169; x_wconf 92' lang='lat' dir='ltr'>in</span> <span class='ocrx_word' id='word_1_301' title='bbox 837 2130 1080 2169; x_wconf 87' lang='lat' dir='ltr'>orationibus</span> <span class='ocrx_word' id='word_1_302' title='bbox 1112 2130 1305 2169; x_wconf 87' lang='lat' dir='ltr'>Tullianis</span> <span class='ocrx_word' id='word_1_303' title='bbox 1337 2130 1412 2169; x_wconf 87' lang='lat' dir='ltr'>hac</span> <span class='ocrx_word' id='word_1_304' title='bbox 1443 2130 1778 2170; x_wconf 88' lang='lat' dir='ltr'>annominationis</span> 
     </span>
     <span class='ocr_line' id='line_1_30' title="bbox 71 2197 1779 2260; baseline 0.001 -22"><span class='ocrx_word' id='word_1_305' title='bbox 71 2197 230 2249; x_wconf 83' lang='lat' dir='ltr'>-specie,</span> <span class='ocrx_word' id='word_1_306' title='bbox 269 2211 347 2260; x_wconf 81' lang='lat' dir='ltr'>qua</span> <span class='ocrx_word' id='word_1_307' title='bbox 377 2200 494 2255; x_wconf 85' lang='lat' dir='ltr'>verba</span> <span class='ocrx_word' id='word_1_308' title='bbox 525 2199 723 2251; x_wconf 86' lang='lat' dir='ltr'>simplicia</span> <span class='ocrx_word' id='word_1_309' title='bbox 752 2204 791 2240; x_wconf 86' lang='lat' dir='ltr'>et</span> <span class='ocrx_word' id='word_1_310' title='bbox 820 2199 1041 2252; x_wconf 85' lang='lat' dir='ltr'>composita</span> <span class='ocrx_word' id='word_1_311' title='bbox 1076 2200 1136 2240; x_wconf 84' lang='lat' dir='ltr'>vel</span> <span class='ocrx_word' id='word_1_312' title='bbox 1167 2199 1317 2240; x_wconf 84' lang='lat' dir='ltr'>diverse</span> <span class='ocrx_word' id='word_1_313' title='bbox 1349 2199 1569 2251; x_wconf 84' lang='lat' dir='ltr'>composita</span> <span class='ocrx_word' id='word_1_314' title='bbox 1603 2200 1705 2240; x_wconf 88' lang='lat' dir='ltr'>inter</span> <span class='ocrx_word' id='word_1_315' title='bbox 1736 2213 1779 2240; x_wconf 90' lang='lat' dir='ltr'>se</span> 
     </span>
     <span class='ocr_line' id='line_1_31' title="bbox 64 2253 1778 2330; baseline 0.001 -20"><span class='ocrx_word' id='word_1_316' title='bbox 64 2253 295 2330; x_wconf 51' lang='lat' dir='ltr'>{opponun</span> <span class='ocrx_word' id='word_1_317' title='bbox 341 2269 379 2309; x_wconf 85' lang='lat'>“.</span> <span class='ocrx_word' id='word_1_318' title='bbox 440 2260 620 2310; x_wconf 81' lang='lat' dir='ltr'>Alterum</span> <span class='ocrx_word' id='word_1_319' title='bbox 648 2270 768 2310; x_wconf 85' lang='lat' dir='ltr'>huius</span> <span class='ocrx_word' id='word_1_320' title='bbox 792 2271 944 2320; x_wconf 83' lang='lat' dir='ltr'>figurae</span> <span class='ocrx_word' id='word_1_321' title='bbox 974 2271 1199 2321; x_wconf 86' lang='lat' dir='ltr'>exemplum</span> <span class='ocrx_word' id='word_1_322' title='bbox 1231 2276 1291 2310; x_wconf 87' lang='lat' dir='ltr'>est</span> <span class='ocrx_word' id='word_1_323' title='bbox 1321 2270 1362 2309; x_wconf 91' lang='lat' dir='ltr'>in</span> <span class='ocrx_word' id='word_1_324' title='bbox 1392 2283 1426 2310; x_wconf 88' lang='lat' dir='ltr'>c.</span> <span class='ocrx_word' id='word_1_325' title='bbox 1457 2269 1616 2310; x_wconf 87' lang='lat' dir='ltr'><strong>XXXVI</strong></span> <span class='ocrx_word' id='word_1_326' title='bbox 1646 2271 1668 2317; x_wconf 69' lang='lat'>5</span> <span class='ocrx_word' id='word_1_327' title='bbox 1701 2273 1778 2312; x_wconf 84' lang='lat'>96:</span> 
     </span>
     <span class='ocr_line' id='line_1_32' title="bbox 96 2324 1780 2399; baseline 0.001 -18.982"><span class='ocrx_word' id='word_1_328' title='bbox 96 2350 105 2355; x_wconf 82' lang='lat'>&#39;</span> <span class='ocrx_word' id='word_1_329' title='bbox 201 2341 217 2348; x_wconf 77' lang='grc'><em>”</em></span> <span class='ocrx_word' id='word_1_330' title='bbox 318 2340 495 2397; x_wconf 68' lang='grc' dir='ltr'>ιιὶιιιιιειιιι</span> <span class='ocrx_word' id='word_1_331' title='bbox 515 2324 720 2396; x_wconf 87' lang='lat' dir='ltr'>concidere</span> <span class='ocrx_word' id='word_1_332' title='bbox 739 2339 864 2385; x_wconf 84' lang='lat' dir='ltr'>unius</span> <span class='ocrx_word' id='word_1_333' title='bbox 878 2334 1058 2389; x_wconf 83' lang='lat' dir='ltr'>discessu</span> <span class='ocrx_word' id='word_1_334' title='bbox 1078 2353 1199 2399; x_wconf 82' lang='lat' dir='ltr'>quam</span> <span class='ocrx_word' id='word_1_335' title='bbox 1219 2330 1397 2380; x_wconf 85' lang='lat' dir='ltr'>omnium</span> <span class='ocrx_word' id='word_1_336' title='bbox 1417 2339 1575 2380; x_wconf 83' lang='lat' dir='ltr'>interitu</span> <span class='ocrx_word' id='word_1_337' title='bbox 1600 2340 1780 2381; x_wconf 85' lang='lat' dir='ltr'>occidere</span> 
     </span>
     <span class='ocr_line' id='line_1_33' title="bbox 351 2394 1812 2484; baseline -0.003 -30"><span class='ocrx_word' id='word_1_338' title='bbox 351 2405 363 2415; x_wconf 28' lang='lat' dir='ltr'>l</span> <span class='ocrx_word' id='word_1_339' title='bbox 431 2419 588 2484; x_wconf 72' lang='lat' dir='ltr'>quoque</span> <span class='ocrx_word' id='word_1_340' title='bbox 616 2394 806 2465; x_wconf 72' lang='lat' dir='ltr'>CIcerone</span> <span class='ocrx_word' id='word_1_341' title='bbox 837 2411 1047 2468; x_wconf 76' lang='lat' dir='ltr'>indignum</span> <span class='ocrx_word' id='word_1_342' title='bbox 1077 2410 1227 2464; x_wconf 82' lang='lat' dir='ltr'>putavit</span> <span class='ocrx_word' id='word_1_343' title='bbox 1254 2410 1434 2451; x_wconf 87' lang='lat' dir='ltr'>Wolfius.</span> <span class='ocrx_word' id='word_1_344' title='bbox 1498 2409 1780 2459; x_wconf 83' lang='lat' dir='ltr'>„Sub&#39;ducere“</span> <span class='ocrx_word' id='word_1_345' title='bbox 1809 2451 1812 2456; x_wconf 71' lang='grc'>,</span> 
     </span>
     <span class='ocr_line' id='line_1_34' title="bbox 414 2473 1779 2559; baseline 0 -36"><span class='ocrx_word' id='word_1_346' title='bbox 414 2482 420 2487; x_wconf 79' lang='lat'><em>&#39;</em></span> <span class='ocrx_word' id='word_1_347' title='bbox 482 2490 486 2493; x_wconf 73' lang='grc'><em>’</em></span> <span class='ocrx_word' id='word_1_348' title='bbox 523 2474 531 2481; x_wconf 69' lang='grc'>”</span> <span class='ocrx_word' id='word_1_349' title='bbox 580 2473 835 2531; x_wconf 53' lang='lat' dir='ltr'>&amp;Badeno</span> <span class='ocrx_word' id='word_1_350' title='bbox 839 2485 997 2559; x_wconf 67' lang='lat' dir='ltr'>opusc.</span> <span class='ocrx_word' id='word_1_351' title='bbox 995 2482 1085 2547; x_wconf 78' lang='lat' dir='ltr'>lat.</span> <span class='ocrx_word' id='word_1_352' title='bbox 1117 2491 1156 2534; x_wconf 93' lang='grc' dir='ltr'>Ρ.</span> <span class='ocrx_word' id='word_1_353' title='bbox 1191 2484 1274 2525; x_wconf 84' lang='grc'>115</span> <span class='ocrx_word' id='word_1_354' title='bbox 1305 2481 1436 2522; x_wconf 84' lang='lat' dir='ltr'>visum</span> <span class='ocrx_word' id='word_1_355' title='bbox 1465 2486 1538 2531; x_wconf 86' lang='lat' dir='ltr'>est,</span> <span class='ocrx_word' id='word_1_356' title='bbox 1571 2481 1779 2533; x_wconf 75' lang='lat' dir='ltr'>significat,</span> 
     </span>
     <span class='ocr_line' id='line_1_35' title="bbox 522 2546 1820 2608; baseline 0.002 -16"><span class='ocrx_word' id='word_1_357' title='bbox 522 2558 527 2561; x_wconf 53' lang='grc'><strong>“</strong></span> <span class='ocrx_word' id='word_1_358' title='bbox 834 2555 836 2557; x_wconf 66' lang='grc'><strong><em>’</em></strong></span> <span class='ocrx_word' id='word_1_359' title='bbox 1046 2557 1135 2594; x_wconf 79' lang='lat' dir='ltr'>von</span> <span class='ocrx_word' id='word_1_360' title='bbox 1141 2552 1252 2599; x_wconf 83' lang='lat' dir='ltr'>Rom</span> <span class='ocrx_word' id='word_1_361' title='bbox 1280 2546 1545 2603; x_wconf 69' lang='lat' dir='ltr'>fongebmht</span> <span class='ocrx_word' id='word_1_362' title='bbox 1573 2547 1781 2608; x_wconf 41' lang='lat' dir='ltr'>banau).</span> <span class='ocrx_word' id='word_1_363' title='bbox 1818 2605 1820 2607; x_wconf 66' lang='lat'>‚</span> 
     </span>
    </p>
   </div>
   <div class='ocr_carea' id='block_1_5' title="bbox 0 2259 1793 2635">
    <p class='ocr_par' dir='ltr' id='par_1_8' title="bbox 0 2259 1793 2635">
     <span class='ocr_line' id='line_1_36' title="bbox 0 2259 323 2418; baseline 0.022 -78"><span class='ocrx_word' id='word_1_364' title='bbox 0 2259 323 2418; x_wconf 95' lang='lat' dir='ltr'>    </span> 
     </span>
     <span class='ocr_line' id='line_1_37' title="bbox 0 2418 1793 2635; baseline 0 0"><span class='ocrx_word' id='word_1_365' title='bbox 0 2418 1046 2635; x_wconf 95' lang='lat' dir='ltr'>   </span> <span class='ocrx_word' id='word_1_366' title='bbox 1768 2564 1793 2635; x_wconf 95' lang='lat' dir='ltr'> </span> 
     </span>
    </p>
   </div>
   <div class='ocr_carea' id='block_1_6' title="bbox 1503 0 1818 34">
    <p class='ocr_par' dir='ltr' id='par_1_9' title="bbox 1503 0 1818 34">
     <span class='ocr_line' id='line_1_38' title="bbox 1503 0 1818 34; baseline 0 2986"><span class='ocrx_word' id='word_1_367' title='bbox 1503 0 1818 34; x_wconf 95' lang='lat' dir='ltr'> </span> 
     </span>
    </p>
   </div>
  </div>
 </body>
</html>
