1878 3020
57 230 60 232 ,
107 178 234 221 tuisse
263 179 414 221 videtur
444 183 481 219 et
514 178 774 221 concinnitate
803 178 989 220 orationis
1021 178 1129 229 (non
1161 180 1321 222 solum
1351 181 1585 224 consiliis
1617 182 1723 224 suis
1743 179 1815 237 «θ’

106 252 194 292 sed
226 251 367 293 etiam
399 250 575 302 specie
605 240 753 302 ipsa)
779 255 817 291 et
847 250 1026 292 codicum
1066 251 1297 293 auctoritate
1328 253 1361 295 G
1381 253 1411 293 P
1444 254 1577 305 (habet
1615 266 1796 296 rasuram
1816 254 1844 311 23⁵

107 327 199 374 post
229 323 353 375 ipsa)
374 322 407 361 V
428 323 752 363 commendatam.

246 393 307 436 ΙΙΙ.
342 396 379 434 5.
440 392 575 432 Hunc
605 392 761 443 igitur
793 413 845 421 —
878 393 1054 433 cedere
1085 393 1294 434 curasti.

247 463 500 503 offenderunt
513 463 786 503 Marklandum
802 469 840 504 et
854 464 1043 504 Wolfium
1063 468 1102 504 et
1117 465 1359 505 constructio
1379 470 1418 506 et
1432 468 1593 507 verbum
1614 452 1826 524 ignavums'2

107 533 341 584 (curasti).
403 533 654 586 Quamquam
685 533 884 576 Salvesius
916 534 957 575 in
987 539 1197 575 comment.
1231 547 1268 587 p.
1295 537 1319 577 8
1352 537 1518 578 alterum
1558 537 1677 579 huius
1707 550 1797 579 con·
1824 583 1825 586 Ἴ

106 605 330 645 structionis
362 606 584 656 exemplum
616 606 746 645 attulit
787 606 853 655 (de
881 610 978 646 orat.
1008 606 1041 645 ΙΙ
1072 618 1105 646 c.
1140 605 1202 654 6),
1243 611 1376 647 tamen
1417 610 1600 649 curasti
1638 610 1798 650 verbum

106 676 146 716 h.
178 676 203 715 l.
236 675 299 715 vix
331 675 422 715 ferri
452 681 594 727 potest.

245 747 417 795 Langius
440 761 477 797 p.
498 751 522 787 6
543 748 677 787 verba:
709 760 767 786 ne
798 760 900 786 cum
931 747 1171 798 improbis
1192 748 1307 786 boui
1338 749 1471 787 ferro
1503 749 1799 791 dimicarent
1834 792 1851 799 ⁷·

104 815 336 868 interpolata
366 821 404 856 et
436 818 485 857 ab
516 830 582 866 eo,
632 817 698 869 qui
730 817 880 869 primus
924 830 970 857 ea
1000 817 1041 857 in
1072 822 1297 857 contextum
1341 817 1594 868 inseruisset,
1635 821 1797 861 verbum

103 888 211 935 illud,
245 901 268 927 a
298 900 376 938 quo
408 888 544 928 Cicero
576 889 843 928 accusativum
874 889 1002 928 hunc
1033 893 1081 928 tu
1112 888 1265 928 civem
1297 889 1465 939 pendere
1486 890 1683 940 voluisset,
1715 903 1797 931 cor·

102 963 263 1009 ruptum
295 971 383 997 esse
413 958 522 1001 dixit.
584 959 751 998 Parvam
784 958 1097 1011 probabilitatem
1142 959 1240 999 haec
1271 959 1493 999 coniectura
1522 960 1660 1009 habet3
1704 975 1797 1001 nam

99 1029 267 1079 primum
302 1029 515 1068 enuntiatio
547 1030 695 1068 finalis:
741 1043 799 1068 ne
842 1049 893 1055 —
927 1029 1234 1069 dimicarent
1277 1031 1376 1069 bene
1416 1030 1604 1081 explicari
1645 1036 1795 1082 potest3
1850 1046 1858 1055 ·

97 1099 236 1139 deinde
266 1100 428 1139 verbum
460 1100 637 1140 cedere
678 1100 804 1140 omitti
835 1113 913 1139 non
954 1113 1072 1151 posse
1102 1114 1150 1140 ex
1181 1101 1202 1147 ἓ
1235 1104 1289 1142 99
1331 1100 1521 1151 (privatus
1565 1102 1796 1142 consulibus

97 1169 301 1218 cesserim)
334 1176 509 1222 apparet.
575 1171 691 1211 Certa
721 1171 873 1211 medela
894 1170 998 1210 illius
1031 1171 1212 1211 curisti
1244 1172 1347 1222 quod
1377 1172 1462 1214 cod.
1486 1172 1529 1211 P.
1552 1172 1669 1212 habet
1690 1173 1797 1212 afferi

96 1255 177 1281 non
209 1247 359 1293 potest3
392 1243 564 1282 maxime
593 1242 805 1294 probabilis
828 1243 1051 1282 coniectura
1071 1242 1251 1282 Lambini
1283 1248 1368 1282 est:
1402 1242 1627 1292 coegisti.
1661 1243 1796 1283 Cicero

98 1313 137 1352 in
169 1313 410 1352 orationibus
443 1318 579 1364 quater
623 1313 799 1364 scripsit:
843 1314 1076 1353 decedere
1113 1313 1297 1363 coegit,
1337 1313 1443 1353 Verr.
1483 1318 1557 1353 act.
1590 1313 1633 1353 II.
1667 1313 1733 1355 lib.
1767 1314 1797 1355 11

98 1397 133 1425 c.
160 1386 227 1432 17,
247 1387 324 1431 43;
357 1397 428 1434 pro
460 1384 572 1424 Font.
607 1397 639 1424 c.
665 1387 702 1432 6,
729 1387 801 1431 133
834 1383 887 1424 ib.
910 1397 943 1423 c.
969 1387 1006 1432 6,
1033 1386 1109 1432 14;
1143 1383 1256 1424 Catil.
1289 1384 1337 1423 IV
1369 1397 1402 1423 c.
1428 1386 1495 1432 10,
1521 1386 1589 1427 21.
1614 1385 1662 1426 cf.
1695 1384 1795 1427 Phil.

99 1455 163 1503 IX,
197 1468 230 1494 c.
264 1458 303 1502 4,
339 1459 381 1495 9:
416 1455 586 1493 cedere
617 1455 894 1504 cogebatur
925 1454 1182 1504 magnitudini
1213 1454 1348 1496 animi.

242 1526 302 1566 III.
338 1528 375 1566 ’7.
409 1539 468 1564 an
500 1538 643 1564 aures
676 1525 893 1575 regatila
923 1526 978 1564 de
1009 1538 1101 1576 qua
1131 1525 1390 1575 agebatur,
1434 1529 1483 1564 ut
1512 1537 1606 1563 rem
1637 1524 1798 1576 ipsam

100 1596 363 1647 repudiare
385 1627 531 1637 .....
564 1596 809 1635 deberem.
872 1595 1087 1645 Madvigius
1127 1595 1167 1635 in
1208 1596 1358 1637 advers,
1407 1595 1489 1635 crit.
1530 1599 1557 1634 t.
1582 1595 1613 1633 ΙΙ
1644 1608 1681 1645 p.
1713 1597 1795 1636 215

101 1667 326 1719 proposuit:
373 1681 430 1706 an
475 1680 529 1706 ea
560 1680 638 1706 res
671 1672 781 1706 erat
820 1666 989 1717 itaque
1026 1667 1267 1716 agebatur.
1331 1667 1407 1706 Sed
1449 1666 1702 1717 praeferenda
1739 1670 1798 1705 est

102 1738 250 1789 Halmii
282 1738 506 1777 coniectura
537 1738 663 1787 magis
695 1738 747 1776 ad
778 1737 924 1776 codicis
956 1737 987 1776 P
1019 1737 1254 1788 scripturam
1285 1738 1497 1777 accedens:
1539 1750 1595 1776 an
1635 1750 1690 1776 ea
1719 1749 1797 1776 res

103 1814 207 1848 erat
247 1808 353 1856 illa,
402 1809 457 1847 de
498 1821 606 1859 qua.
671 1808 805 1858 Neque
850 1808 968 1847 habet
1011 1807 1194 1847 vitiosum
1231 1807 1508 1858 pronominum
1548 1819 1796 1855 concursum,

104 1880 318 1918 dummodo
350 1883 454 1918 recte
486 1878 709 1928 intellegas:
758 1878 889 1925 „Oder
918 1890 1000 1916 war
1037 1878 1126 1928 jene
1155 1877 1477 1928 Angelegenheit‚
1524 1878 1621 1917 iiber
1650 1875 1797 1916 welche

104 1950 333 1990 verhandelt
363 1950 508 1997 wurde,
540 1963 616 1988 von
647 1950 715 1988 der
745 1949 828 1996 Art,
861 1948 948 1987 dass
971 1979 980 1987 .
1005 1978 1014 1987 .
1039 1948 1078 1987 .“

245 2020 304 2059 III.
341 2022 378 2060 7.
412 2025 456 2059 et
488 2032 585 2067 eos,
619 2019 951 2070 quiagebant,
997 2020 1309 2058 condemnare
1339 2019 1582 2058 deberem?
1642 2017 1798 2069 Optime

104 2091 276 2142 Langius
309 2091 363 2142 (p.
400 2090 471 2139 15)
504 2104 576 2142 pro
608 2091 791 2141 languido
823 2103 902 2130 eos
933 2090 1118 2131 restituit:
1153 2103 1244 2130 cos.
1278 2090 1506 2139 (consules).

245 2162 304 2202 lV.
330 2165 369 2203 8.
394 2162 600 2201 Primum
632 2161 735 2201 dico
759 2162 1000 2201 senatoris
1022 2175 1129 2201 esse
1159 2162 1268 2201 boni
1290 2172 1474 2212 semper
1505 2161 1551 2200 in
1584 2163 1798 2200 senatum

102 2223 277 2281 venire,
310 2246 394 2272 nec
426 2246 529 2272 cum
568 2233 642 2271 his
689 2233 865 2281 sentio,
916 2233 993 2283 qui
1039 2237 1257 2272 statuunt
1293 2232 1452 2271 minus
1501 2230 1639 2270 bonis
1686 2234 1799 2268 tem·

102 2304 303 2355 poribus
333 2303 378 2342 in
411 2307 627 2342 senatum
655 2303 678 2348 †
705 2303 799 2354 ipsi
829 2315 919 2342 non
947 2303 1179 2351 venirent,
1225 2315 1316 2342 non
1346 2301 1681 2350 intelligentes
1700 2329 1708 2337 .
1729 2329 1737 2337 .
1758 2328 1767 2337 .
1787 2328 1796 2336 .

104 2374 236 2414 Codex
268 2375 299 2413 P
320 2375 438 2413 habet
468 2388 492 2413 a
524 2373 652 2425 prima
683 2387 824 2415 manu:
857 2374 950 2425 ipsi
981 2387 1072 2414 non
1103 2374 1336 2422 venirent,
1370 2387 1394 2413 a
1415 2372 1605 2413 secunda:
1638 2368 1800 2409 venire

100 2444 160 2483 ni.
198 2445 381 2495 =1eepius
414 2444 597 2484 coniecit:
646 2444 692 2483 in
731 2449 950 2483 senatum
995 2444 1120 2495 ipsis
1163 2457 1254 2484 non
1300 2443 1459 2483 venire
1503 2442 1659 2481 licere.
1723 2439 1825 2484 Sed,

100 2515 274 2565 Languis
306 2516 362 2566 (p.
398 2515 468 2562 15)
499 2515 712 2562 notionem,
746 2528 846 2565 quae
876 2515 977 2554 inest
1007 2515 1048 2555 in
1079 2516 1197 2555 verbo
1228 2515 1394 2562 licere,
1427 2526 1506 2553 non
1537 2512 1730 2563 quadrare
1760 2508 1801 2548 in
1876 2546 1877 2549 ,

102 2586 337 2625 sententiam
358 2598 509 2633 eorum,
543 2585 609 2636 qui
640 2585 681 2625 in
703 2590 881 2624 senatum
903 2585 1034 2625 venire
1055 2585 1286 2633 noluissent,
1319 2584 1486 2635 graviter
1506 2577 1799 2622 demonstravit.

100 2656 214 2703 Quod
235 2661 368 2695 autem
389 2656 476 2706 ipse
493 2655 716 2706 proposuit:
750 2656 827 2706 qui
851 2661 1125 2696 statuerunt
1155 2656 1316 2695 minus
1343 2654 1484 2695 bonis
1506 2649 1819 2708 temporibus,

102 2727 148 2766 in
181 2731 397 2766 senatum
428 2726 521 2778 ipsi
553 2739 645 2766 non
664 2726 828 2766 venire
858 2740 950 2767 non
981 2727 1312 2777 intelligentes
1341 2726 1392 2766 ob
1414 2737 1502 2765 eam
1523 2733 1686 2762 causam
1706 2717 1803 2758 mihi
1832 2737 1842 2760 ς

49 2844 57 2850 -
100 2810 181 2837 non
216 2799 418 2848 probatur,
452 2798 557 2850 quod
589 2810 658 2836 cur
680 2797 816 2838 Cicero
849 2798 1068 2849 scripserit:
1101 2798 1195 2849 ipsi
1226 2811 1306 2840 non
1328 2795 1576 2850 intellegitur.
1608 2791 1691 2841 Ego
1711 2794 1802 2837 ante
1824 2794 1835 2833 ³J

1849 459 1878 478 ζ
1842 345 1878 446 ῙςῖῖἕέῙ
1845 199 1878 340 {HQ-{222
1848 120 1864 126 '¹
1846 102 1855 110 ⁵
1844 90 1847 95 Ἴ
