1878 3020
101 171 308 217 egentes,
333 165 613 217 sumptuosi,
637 165 779 217 quibus
801 166 929 206 verbis
952 166 1154 215 indicetur,
1179 167 1316 218 quales
1339 164 1417 208 sint
1438 167 1633 208 nimium
1661 147 1878 245 multis}

102 237 171 285 illi,
205 249 304 288 quos
337 236 615 286 concupiscere
646 236 822 286 equitum
853 237 1123 275 Romanorum
1156 238 1344 287 pecunias
1376 238 1512 277 Cicero
1544 239 1658 287 dicat,
1691 240 1878 290 voca-³231?

102 307 240 346 bulum
271 306 469 346 nobiles.
512 306 593 356 Ego
616 306 891 346 existimabam
913 311 1040 355 antea,
1074 307 1261 346 nobiles
1282 320 1365 348 voc.
1389 308 1465 348 hoc
1486 304 1572 348 loco
1593 309 1632 348 in
1654 309 1802 349 malam
1860 328 1878 333 -

104 382 255 428 partem
276 376 495 415 adhibitum
516 376 620 416 idem
652 378 730 416 fere
751 390 839 416 esse
860 382 977 427 atque
1009 366 1282 427 sumptuosi
1313 391 1438 428 eoque
1466 379 1676 428 significari
1698 379 1800 427 illos,

104 447 170 498 qui
201 447 324 485 effuso
358 452 518 496 sumptu
552 447 705 485 nobiles
736 446 880 486 imitari
912 448 1112 486 studerent
1155 444 1389 498 (‚,vornehm
1422 449 1596 488 thuend“
1629 450 1677 491 cf.
1712 449 1800 489 Ter.
1834 478 1839 479 κ

102 518 241 556 Heaut.
267 520 304 564 2,
332 520 368 564 1,
395 520 472 558 15:
507 530 595 556 mea
627 522 687 556 est
718 522 870 567 potenS,
906 528 1065 568 procax,
1098 517 1318 566 magnifica,
1350 524 1595 568 sumptuosa,
1629 519 1800 567 nobilis).
1875 562 1878 564 ,

103 587 179 627 Sed
211 601 300 626 cum
335 588 471 627 Cicero
503 587 589 638 ipse
619 592 724 626 esset
755 587 944 636 nobilum,
992 587 1072 627 fieri
1105 601 1184 627 non
1216 592 1385 638 poterat,
1431 593 1474 626 ut
1505 589 1686 628 nobilis
1717 602 1800 629 voc.
1868 581 1870 626 ᾗ

102 659 141 697 in
163 659 310 697 malam
332 663 483 709 partem
506 657 728 705 adhiberet;
761 658 892 708 itaque
913 659 1105 697 vocabula
1126 659 1396 709 sumptuosi
1428 663 1465 697 et
1496 659 1682 698 nobiles
1704 660 1804 699 inter

102 742 144 767 se
182 728 454 777 coniungenda
496 733 532 767 et
569 728 764 767 nimium
803 729 939 768 multi
977 730 1025 768 ad
1067 734 1268 778 egentes
1308 742 1390 768 voc.
1433 729 1562 767 solum
1602 729 1804 779 referenda

102 811 191 837 esse
222 798 412 838 videntur.

243 881 342 920 XIX.
369 883 435 921 50.
469 881 531 919 De
561 881 647 919 hac
678 881 826 930 igitur
858 881 962 930 lege
993 852 1229 929 dicimus,
1269 894 1388 932 quae
1419 882 1519 920 iure
1550 886 1716 930 rogata
1747 880 1804 918 vi-

101 951 282 990 deatur.
345 950 561 1000 Madvigius
594 963 631 1001 p.
657 953 738 1002 217
774 950 993 990 emendavit
1023 951 1123 999 h.1.,
1158 963 1250 990 cum
1282 951 1496 991 scriberet:
1536 950 1671 1002 quasi
1705 950 1803 989 iure

101 1026 269 1071 rogata
300 1021 532 1080 videatur.
1804 1007 1808 1009 ‚

242 1092 342 1131 XIX.
369 1094 435 1133 50.
471 1092 509 1130 si
541 1091 682 1130 etiam
713 1092 931 1142 pluribus
963 1093 1020 1131 de
1052 1093 1192 1131 rebus
1224 1105 1314 1131 uno
1344 1092 1520 1131 sortitu
1546 1091 1801 1131 rettulisti.

244 1174 451 1223 Vulgatam
485 1174 694 1213 lectionem
725 1175 853 1214 denuo
876 1178 1104 1225 suspectam
1127 1175 1217 1213 fecit
1237 1174 1454 1224 Madvigius
1474 1175 1499 1213 l.
1524 1175 1548 1213 l.
1573 1174 1615 1212 II.
1641 1187 1677 1224 p.
1704 1174 1801 1221 218,

101 1258 193 1283 cum
224 1250 482 1295 proponeret:
517 1258 608 1284 uno
642 1245 878 1284 sortitore
910 1246 1085 1287 tulisti.
1135 1246 1215 1294 Ego
1249 1258 1405 1295 quoque
1435 1245 1510 1283 hoc
1542 1245 1629 1283 loco
1661 1249 1803 1283 rettu-

102 1315 206 1353 listi
238 1328 327 1353 esse
358 1315 561 1353 ferendum
593 1328 705 1364 nege,
739 1316 844 1366 quod
865 1316 1050 1354 omnibus
1072 1315 1170 1354 Iocis
1191 1315 1376 1365 deinceps
1409 1314 1664 1364 sequentibus
1686 1314 1724 1361 (ἓ
1748 1316 1797 1354 51

102 1385 262 1423 tulisti
294 1386 348 1423 de
379 1398 471 1432 me3
504 1386 629 1435 quod
662 1386 715 1424 de
747 1386 959 1436 meipso
990 1385 1283 1424 nominatim
1314 1384 1511 1431 tulisti;
1544 1385 1642 1431 §52
1668 1397 1804 1434 quam

101 1456 229 1505 quod
260 1455 388 1494 idem
420 1460 467 1494 tu
499 1456 604 1504 lege
635 1468 727 1494 una
757 1455 947 1503 tulisti;
994 1457 1093 1503 §53
1127 1455 1269 1506 quid?
1317 1455 1357 1493 si
1389 1467 1472 1505 per
1504 1454 1596 1493 vim
1626 1452 1803 1502 tulisti)

102 1527 295 1577 scriptum
326 1531 406 1566 est:
440 1526 618 1566 tulisti.
681 1527 814 1577 Itaque
846 1528 995 1577 syllaba
1027 1540 1079 1585 re·
1106 1527 1286 1577 proximo
1317 1526 1507 1565 vocabulo
1539 1530 1693 1576 oportet
1723 1525 1804 1564 red·
1862 1513 1866 1516 ⁴

101 1599 239 1645 datur3
274 1598 342 1636 sed
374 1610 455 1636 non
487 1609 532 1636 eo
565 1598 695 1645 mod0‚
742 1602 784 1636 ut
815 1594 906 1636 cum
936 1597 1128 1647 Madvigio
1176 1610 1265 1636 uno
1313 1596 1552 1635 sortitore
1598 1596 1805 1645 legendum

103 1681 192 1707 esse
213 1668 393 1716 iudicem,
428 1669 496 1706 sed
524 1668 621 1706 illud
652 1680 742 1706 uno
776 1668 947 1706 sortitu
979 1668 1018 1706 in
1050 1681 1142 1706 una
1174 1668 1431 1706 sortitione
1459 1667 1691 1705 mutandum
1718 1679 1806 1704 esse

102 1739 289 1778 videatur.
324 1737 555 1787 (Halmius.)
596 1738 700 1777 Nam
730 1751 926 1789 nusquam
959 1739 1063 1789 apud
1086 1738 1315 1777 Ciceronem
1345 1737 1578 1776 vocabulum
1611 1735 1805 1775 sortitoris

102 1810 290 1850 invenias.
324 1810 376 1849 At
407 1811 455 1849 cf.
489 1823 545 1850 or.
578 1810 678 1850 Phil.
711 1810 744 1849 ΙΙ
776 1823 808 1849 c.
832 1810 1008 1849 XXXIII:
1044 1809 1246 1849 sortitio
1280 1808 1660 1860 praerogativae.

245 1893 378 1941 Quod
398 1893 450 1935 M.
473 1894 658 1932 Drusus
690 1894 739 1933 in
770 1893 963 1944 legibus
996 1893 1102 1933 suis
1137 1893 1386 1944 plerisque
1417 1892 1440 1939 †
1476 1891 1521 1931 in
1553 1890 1689 1930 bonis
1721 1889 1804 1928 ille

103 1964 172 2003 vir
202 1965 253 2004 M.
289 1964 475 2003 Scauro
508 1969 545 2003 et
576 1965 617 2003 L.
653 1965 841 2004 Crasso
874 1965 1151 2004 consularis
1184 1978 1277 2003 non
1309 1962 1590 2002 obtinuerit.

243 2047 383 2087 Veram
408 2046 616 2086 lectionem
637 2047 857 2087 restituisse
877 2048 973 2087 mihi
994 2047 1144 2087 videtur
1168 2047 1354 2095 Klotzius,
1391 2046 1456 2097 qui
1475 2044 1656 2095 scripsit:
1681 2042 1803 2093 quod

100 2117 150 2157 M.
184 2117 371 2157 Drusus
404 2118 449 2156 in
481 2117 674 2167 legibus
708 2118 806 2156 suis
840 2118 1103 2168 plerisque,
1137 2117 1485 2157 nobilissimus
1516 2115 1605 2154 ille
1635 2113 1718 2161 vir,
1750 2112 1800 2150 M.

101 2189 284 2228 Scauro
316 2194 388 2228 cet.
436 2189 485 2230 cf.
520 2201 575 2227 or.
611 2201 681 2239 pro
712 2189 855 2227 Milone
887 2202 919 2228 c.
947 2192 968 2230 7
1002 2190 1023 2236 ἓ
1054 2192 1107 2230 16
1140 2194 1177 2228 et
1208 2189 1310 2228 infra
1341 2201 1373 2228 c.
1398 2191 1466 2229 46.
1499 2187 1521 2234 ἓ
1555 2187 1661 2233 12Ο;
1706 2183 1803 2222 illud

101 2264 232 2298 autem
265 2259 510 2308 consularis,
552 2260 657 2309 quod
687 2259 795 2298 nullo
827 2261 943 2298 modo
976 2259 1068 2298 ferri
1100 2264 1246 2310 potest,
1279 2258 1495 2308 Madvigius
1527 2257 1552 2296 l.
1585 2257 1611 2295 l.
1645 2268 1683 2306 p.
1719 2255 1800 2294 218

103 2331 268 2370 mutavit
299 2330 340 2369 in
371 2329 726 2378 consiliariis,
765 2344 864 2381 quae
896 2331 1062 2370 mutatio
1104 2344 1195 2370 cum
1225 2330 1312 2370 aliis
1345 2343 1393 2369 ex
1426 2328 1571 2376 causis,
1619 2331 1704 2366 tum
1744 2336 1802 2373 eo,

101 2401 205 2451 quod
238 2401 372 2440 statim
403 2401 641 2440 vocabulum
672 2401 966 2440 auctoribus
998 2401 1186 2451 sequitur,
1219 2400 1331 2439 valde
1363 2403 1422 2438 est
1454 2398 1668 2450 probanda.

244 2483 366 2522 Porro
409 2496 502 2534 pro:
556 2481 802 2521 hominem
841 2481 1122 2521 facinorum
1165 2487 1211 2522 et
1252 2486 1544 2533 stuprorum
1585 2477 1803 2518 omnium

102 2553 271 2594 fortasse
303 2554 556 2593 scribendum
587 2558 665 2593 est:
699 2552 980 2603 magistrum
1012 2553 1282 2594 facinorum
1326 2557 1371 2592 et
1408 2557 1686 2603 'stuprorum
1717 2560 1803 2586 om-

102 2626 242 2666 nium.
277 2625 507 2674 (Halmius.)
539 2625 590 2667 cf.
622 2624 794 2676 Philipp.
829 2639 862 2666 c.
895 2628 962 2674 12,
998 2625 1234 2676 17εμεοοίοε
1266 2624 1484 2664 facinorum
1515 2629 1554 2663 et
1584 2620 1800 2662 ministros.

242 2709 326 2749 XX.
352 2713 419 2751 52.
463 2721 565 2749 cum
595 2708 782 2748 Romae
813 2708 837 2755 †
869 2707 1192 2750 decessisset.
1255 2707 1350 2747 Cod.
1383 2707 1472 2749 Par.
1505 2705 1682 2746 Romae
1713 2700 1814 2741 ferri.

102 2792 180 2821 non
222 2785 368 2833 potest;
408 2785 572 2821 sanatus
603 2784 664 2821 est
694 2780 731 2819 h.
766 2780 876 2820 locus
903 2779 1106 2820 Garatonii
1137 2778 1438 2820 emendatione:
1471 2777 1653 2816 Romam.
1687 2772 1737 2816 cf.
1754 2771 1816 2838 *in*
