1878 3020
252 240 419 298 »hangio
434 237 491 293 (p.
507 238 581 288 19)
599 238 793 291 inpriore
809 238 979 291 protasis
995 239 1172 282 membro
1196 251 1381 290 praesens
1402 237 1623 278 tribuunt
1641 237 1825 278 vitiosum

127 323 220 358 esse
249 314 379 355 visum
415 317 476 352 est
504 324 586 352 non
602 311 757 360 solum,
799 311 903 363 quod
934 310 976 351 in
1012 311 1135 351 altero
1165 316 1271 350 esset
1303 310 1517 361 perfectum
1552 309 1691 349 debui
1706 306 1734 357 ,”
1756 309 1824 348 sed

128 384 250 440 ‘etiam
265 387 497 436 propterea,
530 383 635 434 quod
661 381 783 433 pridie
804 381 890 424 Kal.
913 381 1014 430 Oct.,
1047 393 1124 432 quo
1156 386 1333 432 tempore
1364 380 1499 421 Cicero
1513 411 1515 413 -
1530 379 1747 420 orationem
1777 380 1825 420 de

127 447 250 510 ‘domo
278 453 495 501 habuisset,
527 453 697 492 fructum
728 452 877 493 reditus
899 452 1099 492 Ciceronis
1130 452 1300 492 tribuere
1329 452 1391 491 dei
1421 452 1498 491 diei
1527 464 1607 490 non
1639 455 1824 502 possent;

129 513 263 581 itaque
292 524 499 577 proposuit
529 524 802 564 scribendum:
835 523 1121 564 tribuerunt.
1186 523 1262 563 Sed
1303 523 1336 562 si
1368 522 1504 562 Cicero
1535 522 1603 561 illo
1633 527 1822 572 tempore,

132 609 210 649 quo
240 594 458 645 orationem
487 594 535 633 de
565 595 682 634 domo
712 594 860 643 habuit,
893 581 1021 633 dicere
1052 591 1205 645 potuit:
1253 594 1448 633 reducta
1478 592 1727 632 videantur
1766 591 1825 640 (in

12 716 19 719 a
71 690 93 704 ⁷.
132 667 269 709 eadem
301 665 576 717 paragrapho),
609 678 796 716 praesens
827 662 1171 706 tribuunt‘nihil
1192 665 1309 705 habet
1330 663 1571 705 offensionis.
1624 662 1825 703 Praesenti

131 742 264 779 autem
293 741 470 787 tempore
500 741 631 776 orator
660 736 782 775 voluit
812 736 996 784 indicare,
1029 736 1220 787 populum
1252 735 1478 774 Romanum
1509 747 1557 773 ex
1579 734 1715 773 ¹reditu
1746 746 1826 772 non

0 781 53 868 Ξ
65 825 67 827 ·
130 818 201 860 per
230 806 346 847 breve
366 810 522 858 tempus
543 808 714 846 fructum
735 806 900 857 cepisse,
934 807 1003 846 sed
1023 806 1249 854 etiamtunc,
1284 818 1375 845 cum
1396 805 1611 844 orationem
1645 805 1694 844 de
1709 805 1826 844 domo

0 863 69 917 ἓῖῑ
131 876 304 926 haberet,
336 877 508 916 fructum
539 889 586 916 ex
617 876 743 915 reditu
773 876 1001 916 redundare.

0 940 366 996 3523v111.
392 948 459 988 18.
492 946 643 996 Negat
664 939 940 997 oportuisse
963 980 971 988 .
991 977 1001 985 .
1022 979 1030 988 .
1050 977 1058 986 .
1079 945 1214 987 Cicero
1236 960 1327 986 cum
1348 945 1585 997 exposuerit,
1609 950 1646 984 et
1663 957 1825 985 causam

131 1017 254 1060 misse
283 1016 372 1056 novi
403 1016 556 1055 consilii
588 1016 766 1066 capiendi
798 1021 835 1056 et
863 1030 956 1056 suas
988 1022 1120 1067 partes
1151 1017 1190 1055 in
1213 1030 1258 1056 ea
1290 1030 1411 1056 causa
1443 1016 1688 1068 praecipuas,
1722 1015 1826 1055 venit

132 1089 182 1127 ad
197 1087 353 1127 tertiam
375 1091 526 1137 partem
543 1072 883 1126 demonstraturus
899 1100 978 1126 non
995 1087 1071 1126 alio
1093 1087 1407 1136 confugiendum,
1427 1088 1495 1126 sed
1509 1087 1580 1127 Cn.
1594 1086 1828 1137 Pompeium

135 1161 247 1198 extra
294 1156 471 1196 ordinem
518 1156 573 1196 rei
620 1156 898 1197 frumentariae
937 1157 1239 1208 praeficiendum
1287 1157 1420 1197 fuisse.
1453 1153 1454 1157 ’
1496 1156 1624 1207 Atque
1655 1156 1709 1196 ita
1753 1156 1829 1196 dis·

20 1215 40 1226 ⁷
65 1228 70 1235 ²
132 1232 255 1279 putat,
289 1231 331 1267 ut
360 1240 444 1266 rem
465 1220 680 1267 maximam
711 1227 833 1267 fuisse
863 1232 901 1267 et
922 1228 1067 1267 summi
1088 1228 1250 1278 periculi
1271 1229 1320 1267 ab
1342 1228 1526 1267 omnibus
1548 1227 1705 1279 quidem
1737 1239 1826 1266 con-

0 1287 5 1297 ‘
94 1317 97 1318 ⁷
132 1298 229 1346 cedi,
262 1298 330 1338 sed
361 1310 449 1337 esse
478 1298 601 1346 dicat,
647 1298 714 1350 qui
744 1303 885 1348 negent
930 1297 1144 1349 quidquam
1183 1299 1250 1337 uni
1296 1303 1407 1338 extra
1449 1299 1625 1337 ordinem
1672 1298 1827 1336 decerni

132 1368 364 1419 oportuisse.
417 1354 831 1419 Itaque.scribendum
862 1369 1037 1408 videtur:
1078 1374 1251 1418 negant
1282 1368 1564 1419 oportuisse
1597 1369 1825 1417 (Halmius).

130 1438 346 1488 Lahmeyer
377 1437 417 1477 in
446 1438 640 1489 Philologi
670 1439 744 1478 vol.
778 1439 883 1478 XXII
913 1452 953 1489 p.
989 1441 1073 1480 699
1106 1439 1335 1490 proposuit:
1369 1439 1568 1489 negatis.

270 1508 365 1549 VIII.
389 1510 456 1549 20.
489 1508 604 1547 Cum
634 1508 681 1547 in
711 1509 812 1547 eius
844 1521 1049 1558 regnum,
1083 1510 1216 1557 bona,
1240 1511 1482 1557 fortunas,
1516 1509 1826 1548 latrocinium

0 1579 13 1587 ‘
67 1599 70 1600 ν
130 1576 271 1616 huius
304 1576 493 1630 ,imperii
524 1576 826 1617 immisisses.

270 1647 480 1696 Latrocinii
511 1649 759 1696 vocabulum,
793 1648 898 1698 quod
929 1652 1065 1687 contra
1096 1648 1276 1687 codicum
1308 1648 1581 1687 auctoritatem
1612 1661 1635 1687 a
1665 1646 1822 1695 Wolfio,

129 1717 297 1766 Baitero,
330 1717 501 1769 Kaysero
523 1718 564 1757 in
585 1723 736 1758 textum
757 1722 817 1757 est
836 1723 1054 1769 receptum,
1087 1731 1166 1757 non
1188 1719 1365 1770 potuisse
1386 1719 1461 1758 hoc
1482 1720 1570 1757 loco
1593 1732 1616 1757 a
1638 1717 1826 1757 Cicerone

128 1787 313 1839 usurpari
343 1788 514 1838 Langius
546 1802 583 1839 p.
608 1792 634 1830 4
665 1788 865 1836 iudicavit;
909 1788 1039 1840 ipsam
1077 1789 1119 1828 P.
1154 1788 1280 1828 Clodii
1324 1787 1568 1839 rogationem
1613 1788 1825 1840 vituperari

129 1857 306 1910 potuisse
336 1871 360 1897 a
381 1857 568 1898 Cicerone
598 1871 717 1909 quam
737 1858 1079 1898 vehementissime
1098 1875 1106 1907 ;
1140 1860 1209 1898 sed
1231 1859 1264 1898 si
1286 1859 1480 1898 latrocinii
1510 1858 1711 1898 notionem
1733 1871 1824 1898 cum

130 1928 295 1979 imperio
326 1928 460 1979 populi
491 1928 659 1967 Romani
691 1929 973 1977 coniunxisset,
1006 1930 1219 1968 verendum
1251 1930 1285 1968 ei
1316 1930 1450 1977 fuisse,
1498 1942 1547 1968 ne
1577 1929 1824 1968 maiestatem

129 1997 264 2049 populi
293 1997 462 2038 Romani
492 1998 658 2038 laesisse
688 1999 894 2039 videretur.
957 1998 1009 2038 At
1041 1999 1176 2039 Cicero
1208 2013 1334 2051 neque
1376 1999 1662 2051 rempublicam
1699 2013 1825 2051 neque

2 2061 22 2119 J
82 2107 87 2108 ⁷
128 2067 325 2107 civitatem
354 2081 481 2119 neque
512 2074 705 2117 senatum,
739 2070 936 2120 cumipse
966 2069 1007 2108 in
1038 2070 1155 2109 exilio
1177 2075 1272 2118 erat,
1306 2070 1428 2109 fuisse
1450 2083 1567 2120 saepe
1587 2069 1691 2109 dicit.
1724 2070 1825 2109 Eum

125 2137 165 2178 id
196 2138 370 2178 sensisse
400 2151 448 2179 ex
470 2140 681 2190 paradoxis
704 2140 781 2189 (IV,
804 2153 838 2180 c.
861 2140 893 2188 Ι)
925 2140 1099 2180 maxime
1124 2140 1383 2191 intellegitur:
1417 2141 1518 2180 Non
1548 2140 1694 2190 igitur
1725 2149 1826 2180 erat

0 2258 14 2273 Α
56 2265 65 2268 ἡ
126 2207 212 2248 illa
242 2212 338 2262 tum
370 2208 562 2259 civitas,
595 2223 698 2250 cum
729 2211 856 2261 leges
905 2210 949 2250 in
980 2224 1032 2250 ea
1063 2211 1181 2250 nihil
1213 2211 1453 2259 valebant,
1502 2223 1605 2250 cum
1647 2211 1824 2250 iudicia

0 2273 54 2322 ἶὲ·
126 2279 359 2328 iacebant,
392 2292 494 2319 cum
524 2294 623 2320 mos
656 2281 841 2332 patrius
872 2282 1139 2330 occiderat,
1186 2294 1287 2320 cum
1318 2282 1443 2321 ferro
1488 2281 1642 2332 pulsis
1687 2282 1824 2331 magi-

76 2339 80 2381 ζ
126 2350 361 2390 stratibus
393 2350 418 2396 †
451 2356 648 2390 senatus
679 2365 845 2390 nomen
876 2351 925 2390 in
956 2352 1204 2401 republica
1235 2364 1326 2390 non
1358 2356 1468 2390 erat.
1504 2352 1824 2407 *Praedonum

125 2418 208 2459 ille
239 2427 501 2460 concursus
532 2425 576 2460 et
606 2426 650 2460 te
690 2422 806 2460 duce
836 2421 1147 2461 latrocinium
1196 2421 1242 2460 in
1282 2422 1382 2459 foro
1429 2421 1744 2461 constitutum
1781 2427 1825 2461 et

84 2488 363 2541 {⁷reliquiae
393 2491 748 2531 coniurationis
779 2505 803 2531 a
835 2491 1072 2531 Catilinae
1103 2490 1244 2531 furiis
1275 2492 1330 2530 ad
1351 2496 1482 2530 tuum
1514 2493 1673 2531 scelus
1705 2493 1825 2532 furo·

68 2567 87 2615 31
119 2557 317 2611 ¹remque
348 2573 606 2601 conversae
637 2575 729 2601 non
760 2561 929 2601 civitas
960 2565 1061 2601 erat
1096 2566 1134 2600 et
1171 2574 1278 2612 seqq.
1312 2561 1370 2601 Cf.
1404 2567 1605 2612 praeterea
1636 2563 1684 2602 de
1716 2576 1822 2614 prov.

63 2622 233 2689 tswcons.
268 2631 336 2677 19,
368 2629 410 2669 in
439 2630 519 2670 Pis.
553 2634 592 2679 4,
627 2635 665 2680 5,
699 2636 738 2673 9.
803 2632 937 2683 Itaque
968 2632 1104 2671 Cicero
1143 2644 1269 2682 neque
1314 2632 1355 2670 in
1386 2633 1578 2682 populum
1616 2646 1743 2683 neque
1785 2634 1824 2672 in

81 2691 97 2701 '⁵
124 2689 319 2749 senatum,
351 2704 395 2739 ut
423 2698 601 2741 Wolfius
624 2701 785 2752 putavit,
821 2701 1026 2750 invehitur,
1060 2702 1127 2741 sed
1158 2699 1199 2741 in
1218 2701 1481 2742 latrocinium
1514 2716 1537 2741 a
1564 2701 1702 2742 Clodio
1734 2716 1825 2742 con-

116 2760 319 2823 stitutum
377 2769 430 2811 At
459 2776 564 2811 certe
604 2772 646 2812 in
677 2772 880 2821 Catonem,
923 2772 1067 2822 dixerit
1096 2772 1251 2823 aliquis.
1313 2772 1488 2812 Minime.
1553 2773 1657 2813 Nam
1704 2787 1824 2824 regno

117 2853 205 2890 nm
233 2830 431 2896 publicato
462 2846 501 2883 et
531 2841 741 2884 latrocinio
772 2842 852 2886 iam
893 2842 932 2883 in
962 2843 1230 2885 Ptolemaeum
1270 2842 1450 2883 immisso
1487 2844 1536 2883 de
1567 2843 1716 2885 Catone
1746 2845 1826 2889 lata

1542 2911 1563 2951 2
