1878 3020
781 13 1182 91 —46,—„

78 177 169 205 ann.
194 168 302 213 3963
333 165 566 214 Mommsen,
599 166 647 206 de
678 166 853 216 collegiis
884 172 922 207 et
953 167 1152 208 sodaliciis
1172 168 1461 215 Romanorum,
1486 164 1611 208 Kiliae'
1641 154 1700 211 18²

78 250 118 288 p.
143 236 216 285 14)
247 242 381 278 notata
412 242 516 286 sunt,
549 237 627 278 iam
656 251 680 279 a
700 238 873 279 Gesnero
903 238 958 279 ita
979 244 1071 279 sunt
1104 239 1320 291 profligata,
1352 245 1396 281 ut
1426 239 1543 281 etiam
1562 238 1710 280 Wolfio
1755 293 1757 295 [

78 308 126 347 iis
157 308 254 347 nihil
292 308 371 348 iam
402 309 452 350 M.
478 309 608 348 Tullio
645 308 848 358 indignum
886 322 974 349 esse
1011 309 1215 351 videretur.
1256 312 1547 359 (cf.Drumann
1578 311 1626 359 Π,
1669 311 1767 359 240,

78 382 210 418 annot.
236 381 289 420 26
312 383 350 418 et
370 378 413 425 V,
439 392 476 429 p.
500 378 613 426 473).
676 378 814 418 Restat
843 378 971 429 igitur,
1005 384 1047 419 ut
1067 379 1201 420 Wolfii
1229 382 1521 423 accusationem
1540 379 1767 430 refutemus,

79 449 144 500 qui
176 462 240 497 ea,
285 461 385 500 quae
421 448 461 487 in
497 448 634 488 eadem
665 450 686 496 ἓ
717 451 765 489 (16
797 451 1075 490 conventiculis
1114 449 1238 502 plebis
1275 454 1449 493 urbanae
1478 454 1583 493 velut
1613 452 1770 504 publica

78 520 308 559 auctoritate
339 519 566 558 florentibus
598 520 796 570 leguntur,
838 521 902 560 vix
933 522 1000 561 illo
1031 527 1207 573 tempore
1238 521 1468 563 Ciceronem
1504 524 1673 563 scribere
1703 535 1770 573 po·
1808 508 1870 564 ᾗ

76 590 199 630 tuisse
228 590 384 630 iudicat.
447 589 559 639 Quod
592 590 764 631 maxime
793 591 976 632 hocloco
997 591 1158 632 Asconii
1178 587 1235 645 (in
1257 592 1544 643 Cornelianam,
1577 593 1618 633 in
1640 592 1769 633 Kiess-
1834 577 1850 585 ν

78 662 173 710 lingi
205 667 242 700 et
275 661 445 700 Schoelli
477 663 537 703 ed.
567 676 606 712 p.
636 662 709 709 67)
741 663 1050 702 demonstratur:
1090 664 1328 713 Frequenter
1364 669 1446 702 tum
1486 664 1604 703 etiam
1635 669 1769 703 coetus

76 730 329 771 factiosorum
351 731 554 771 hominum
579 731 663 772 sine
685 731 842 784 publica
863 733 1093 773 auctoritate
1113 734 1217 773 malo
1240 733 1397 785 publico
1414 733 1579 774 fiebant:
1611 737 1770 786 propter
1834 722 1864 773 ²]ss

76 804 180 852 quod
213 807 350 852 postea
371 803 534 852 collegia
556 809 593 842 et
615 804 654 842 S.
680 804 722 842 C.
747 809 784 842 et
806 805 985 854 pluribus
1007 805 1157 854 legibus
1181 810 1272 844 sunt
1294 806 1449 844 sublata
1470 809 1622 854 praeter
1643 817 1770 854 pauca
1865 822 1878 835 2

74 875 191 922 atque
222 875 328 910 certa
359 884 459 922 quae
498 871 646 912 utilitas
679 873 844 913 civitatis
872 873 1145 923 desiderasset,
1189 874 1320 925 qualia
1351 878 1443 914 sunt
1473 874 1672 914 fabrorum
1704 872 1770 913 lic·
1792 862 1795 863 ⁷
1821 879 1823 881 ’
1852 870 1878 934 {2

73 947 291 993 torumque.
366 943 443 982 Sed
482 944 595 983 nobis
636 946 875 984 monendum
913 950 990 993 est,
1030 945 1097 984 illo
1135 945 1477 985 senatusconsulto
1516 943 1610 984 anni
1640 943 1769 986 LXIV.
1806 950 1811 951 ⁷
1846 936 1878 1001 33

74 1014 124 1061 (v.
158 1015 392 1061 Mommsen,
426 1016 451 1056 l.
475 1016 500 1054 1.
528 1028 562 1065 p.
590 1015 660 1062 74)
692 1029 771 1055 non
803 1018 920 1055 modo
958 1030 1037 1055 non
1074 1017 1207 1055 omnia
1244 1016 1408 1065 collegia
1446 1028 1534 1054 esse
1564 1015 1769 1063 dissoluta,

75 1085 143 1124 sed
174 1084 292 1124 etiam
324 1085 362 1124 id
393 1085 526 1135 ipsum
557 1086 595 1125 S.
621 1086 663 1126 C.
698 1087 747 1126 ab
768 1087 940 1126 Asconio
976 1087 1179 1126 laudatum
1221 1088 1306 1136 lege
1337 1085 1474 1125 Clodia
1509 1086 1557 1125 de
1597 1084 1771 1136 collegiis

76 1155 328 1194 restituendis
375 1156 566 1206 novisque
614 1157 863 1197 instituendis
913 1171 1016 1197 anno
1066 1158 1190 1197 LVIII.
1225 1158 1375 1208 perlata
1423 1169 1511 1196 esse
1559 1157 1769 1196 sublatum.

73 1227 125 1274 (v.
143 1226 378 1274 Mommsen,
410 1227 435 1266 1.
460 1228 486 1268 l.
511 1240 548 1277 p.
576 1227 659 1275 76).
703 1229 754 1267 cf.
775 1228 813 1267 in
836 1228 915 1270 Pis.
939 1229 998 1276 IV,
1024 1232 1071 1270 9:
1106 1228 1269 1277 collegia
1300 1240 1378 1266 non
1409 1240 1455 1266 ea
1487 1227 1628 1274 solum,
1671 1239 1772 1277 quae

75 1301 234 1351 senatus
257 1297 471 1336 sustulerat
491 1297 683 1346 restituta,
718 1299 785 1337 sed
806 1298 1106 1354 innumerabilia
1128 1299 1321 1349 quaedam
1342 1310 1442 1336 nova
1467 1309 1515 1336 ex
1538 1296 1645 1335 omni
1665 1297 1772 1336 faece
1793 1337 1795 1340 ,

72 1368 181 1406 urbis
214 1380 260 1406 ac
292 1367 449 1406 servitio
481 1369 688 1408 concitata.
723 1369 868 1410 Ascon.
892 1370 941 1408 ad
961 1370 1001 1410 h.
1024 1370 1069 1408 l.:
1102 1369 1283 1408 Diximus
1305 1369 1347 1408 L.
1370 1368 1514 1407 Pisone
1535 1366 1581 1406 A.
1605 1367 1770 1407 Gabinio
1828 1394 1837 1399 2

72 1451 175 1492 coss.
209 1438 251 1477 P.
276 1437 458 1477 Clodium
480 1443 527 1480 tr.
552 1440 590 1489 pl
596 1468 739 1478 .....
763 1440 902 1479 tulisse
926 1473 934 1481 .
959 1471 967 1479 .
994 1473 1002 1482 .
1030 1471 1039 1480 .
1061 1441 1109 1479 de
1140 1439 1314 1490 collegiis
1353 1437 1602 1478 restituendis
1644 1436 1771 1477 novis-

72 1523 148 1559 que
168 1509 431 1556 instituendis,
465 1523 565 1559 quae
587 1510 640 1549 ait
661 1523 708 1549 ex
732 1511 979 1550 servitiorum
1001 1512 1108 1550 faece
1130 1511 1354 1551 constituta.
1389 1510 1524 1548 Cicero
1547 1521 1618 1559 pro
1641 1509 1769 1548 Sestio

72 1580 189 1628 XXV,
225 1583 301 1620 55:
342 1584 385 1618 ut
424 1580 588 1630 collegia
624 1593 702 1619 non
741 1581 858 1619 modo
889 1581 956 1620 illa
986 1585 1117 1620 vetera
1153 1584 1289 1620 contra
1319 1579 1360 1621 S.
1384 1579 1428 1619 C.
1460 1577 1769 1626 restituerentur,

74 1652 142 1690 sed
175 1652 224 1690 ab
256 1663 335 1689 uno
368 1651 584 1699 gladiatore
615 1652 914 1691 innumerabilia
952 1652 1029 1690 alia
1060 1665 1160 1690 nova
1191 1650 1530 1690 constituerentur.
1565 1650 1614 1690 cf.
1637 1649 1768 1697 Halm,

72 1734 144 1772 pro
167 1721 269 1761 Sest.
294 1735 331 1772 p.
358 1722 453 1762 143.
1874 1760 1878 1766 .

213 1792 432 1840 Insulsitas‚
467 1805 585 1842 quam
606 1792 774 1831 Wolfius
807 1793 846 1831 in
868 1793 994 1832 verbis
1024 1805 1177 1843 „poena
1198 1790 1398 1841 legitima“
1431 1790 1481 1838 (c.
1504 1790 1628 1830 XXXI
1650 1792 1671 1838 ἓ
1695 1789 1770 1838 83)

72 1862 234 1911 invenit,
275 1863 364 1902 inde
396 1867 482 1902 orta
513 1867 590 1910 est,
631 1864 734 1913 quod
767 1875 907 1902 censor
938 1877 961 1902 a
994 1862 1186 1902 sententia
1218 1861 1421 1912 scriptoris
1453 1860 1665 1908 aberravit,
1705 1860 1771 1912 qui

70 1934 261 1973 vocabulo
284 1932 513 1982 „legitima“
536 1933 589 1972 ita
610 1946 707 1971 usus
730 1939 801 1981 est,
835 1939 878 1972 ut
898 1947 977 1972 non
998 1934 1048 1982 id,
1082 1934 1186 1984 quod
1206 1932 1375 1971 Wolfius
1404 1931 1615 1980 significari
1635 1931 1769 1978 voluit,

70 2005 322 2043 demonstret.
385 2004 461 2051 Qui
492 2016 584 2042 cum
606 2016 774 2053 poenam
805 2004 1019 2054 legitimam
1050 2004 1154 2043 idem
1175 2002 1303 2042 valere
1334 2015 1380 2041 ac
1402 2015 1569 2052 poenam
1590 2001 1771 2041 meritam
1836 2004 1878 2016 “

71 2087 141 2114 seu
172 2074 318 2113 iustam
349 2073 461 2122 („ille
483 2086 652 2124 poenam
683 2074 902 2113 meritam
931 2074 1031 2122 tulit,
1065 2074 1104 2113 in
1135 2086 1199 2113 me
1219 2071 1395 2112 damnati
1417 2084 1544 2122 poena
1574 2084 1662 2110 esse
1691 2083 1772 2110 non
1824 2067 1878 2141 „5³3

1858 2030 1878 2051 ἢ

71 2144 240 2196 potuit“.
274 2144 332 2183 sic
353 2143 525 2195 explicat
545 2140 732 2197 Wolfius)
763 2149 909 2184 temere
940 2144 1014 2184 sibi
1037 2144 1312 2195 persuasisset,
1345 2142 1534 2182 antitheta
1562 2139 1804 2192 1161636116-
1834 2110 1878 2216 L}

1822 2245 1878 2311 ῗέ

1816 2353 1878 2436 Ξ

70 2215 104 2254 Ο
145 2215 347 2254 misellum
387 2214 712 2262 declamatorem,
754 2215 821 2265 qui
858 2215 953 2255 talia
990 2214 1180 2255 antitheta
1219 2217 1494 2264 componeret!
1563 2212 1616 2253 At
1646 2209 1774 2264 poena
1785 2252 1791 2263 -.
1808 2228 1878 2272 γὴν-ᾗ

70 2285 246 2336 legitima
274 2298 355 2325 non
383 2284 580 2334 significat
610 2298 777 2335 poenam
808 2286 966 2334 iustam,
1000 2287 1068 2326 sed
1099 2298 1269 2337 poenam
1299 2285 1384 2334 lege
1413 2284 1648 2334 irrogatam,
1678 2272 1818 2324 nam.
1859 2315 1878 2335 .

73 2355 256 2395 tribunus
296 2354 421 2406 plebis
451 2354 582 2406 Appio
609 2354 773 2395 Claudio
804 2357 907 2406 lege
938 2356 1146 2407 imperium
1186 2356 1441 2405 abrogaverat
1476 2358 1515 2393 et
1549 2353 1589 2393 id
1628 2353 1773 2416 ipsum,
1831 2344 1835 2346 ²

68 2424 278 2475 imperium
310 2425 395 2474 lege
425 2425 678 2474 abrogatum,
702 2425 845 2465 dicitur
875 2438 1003 2476 poena
1031 2425 1218 2475 legitima.
1280 2423 1384 2464 Huic
1404 2422 1617 2474 opponitur
1646 2435 1774 2475 poena
1805 2424 1878 2502 [ξέ

68 2494 283 2544 Ciceronis,
316 2507 419 2546 quae
447 2507 528 2534 non
559 2499 642 2534 erat
672 2507 799 2546 poena
829 2495 1016 2546 legitima,
1049 2494 1143 2547 quia
1170 2495 1239 2535 ina
1259 2495 1323 2535 lex
1342 2492 1472 2535 clodii
1502 2494 1552 2534 de
1570 2487 1876 2555 Ciceronis*

68 2564 227 2616 quidem
258 2564 454 2605 sententia
472 2565 538 2605 lex
563 2577 644 2605 non
664 2569 760 2606 erat.
793 2565 863 2616 (cf.
885 2566 1103 2615 Drumann,
1127 2564 1171 2614 11,
1195 2564 1301 2611 258
1332 2563 1476 2615 „Nach
1496 2558 1573 2621 der
1586 2561 1678 2623 3¹-ss
1708 2610 1712 2614 ‚
1820 2551 1822 2553 ²

32 2643 36 2650 “
66 2635 137 2676 des
159 2634 418 2676 Verurteilteu
448 2647 532 2679 war
552 2635 622 2676 des
644 2635 782 2689 Gesetz
803 2630 1013 2695 ungflltig“
1045 2628 1084 2677 et
1104 2647 1152 2677 ea
1166 2636 1274 2700 quae
1294 2631 1542 2691 sequuntur)
1572 2631 1634 2683 V.
1629 2623 1641 2649 ³¹
1635 2626 1709 2694 J
1724 2628 1774 2692 2⁹}ss

65 2705 179 2746 tium
189 2703 240 2747 ad
259 2705 300 2748 h.
323 2706 350 2746 l
366 2705 598 2758 Imperium
627 2708 772 2757 autem,
805 2707 911 2760 quod
930 2706 1063 2760 Ap'pio
1081 2694 1266 2764 Claudio·
1277 2703 1365 2763 1636
1381 2698 1553 2746 tubam}
1546 2695 1697 2763 plebat
1698 2703 1728 2761 ’ᾗ
1742 2692 1855 2736 ³³

67 2781 250 2826 rogatum
269 2780 344 2826 est,
375 2776 588 2818 consulare
607 2775 732 2836 fuisse
749 2776 948 2823 Manutius
969 2762 1239 2849 existlmavit,
1258 2772 1480 2821 sedmtum
1497 2774 1548 2844 6ο
1584 2761 1640 2787 ²
1641 2761 1694 2785 ’
1751 2770 1777 2782 ”’
1792 2760 1849 2797 3
