1878 3020
824 41 1108 90 ..15-

117 178 231 228 suo):
265 178 550 221 aviditatem.
617 179 710 221 Mihi
741 180 1020 222 varietatem
1052 181 1156 232 quod
1186 180 1224 224 h.
1247 182 1273 223 l
1306 182 1410 224 idem
1441 183 1628 235 estquod
1657 153 1869 239 incon-„5

40 253 43 254 ⁷
120 251 299 291 stantia
327 246 369 303 (,,
373 251 519 300 Laune,
541 252 833 292 veranderliche
854 251 1129 302 Gesinnung“,
1122 268 1130 275 ·
1163 252 1211 293 cf.
1234 254 1325 303 §43
1346 254 1496 295 Verrin.
1513 255 1595 295 Vc.
1615 257 1681 305 50,
1706 253 1808 300 132:
1833 235 1878 328 Ξ

117 323 277 362 tametsi
310 318 437 362 solent
467 323 508 362 hi
540 324 736 363 fortunam
768 323 841 362 sibi
873 323 973 362 obici
1000 324 1122 370 nolle,
1156 324 1223 374 qui
1250 337 1293 364 se
1315 325 1494 366 fortunae
1516 327 1878 377 commiserunt,

119 393 185 444 qui
216 394 255 432 in
288 393 371 433 eius
404 394 587 444 periculis
620 398 710 433 sunt
742 406 787 433 ac
819 393 1048 433 varietate
1078 393 1246 455 versati3
1280 395 1329 434 ad
1360 395 1439 437 Att.
1462 397 1489 445 I,
1526 399 1598 445 173
1637 399 1686 438 ad
1716 399 1808 439 fam.

122 463 169 512 X,
196 467 269 511 18;
303 477 373 514 pro
405 464 483 503 Mil.
518 478 551 504 e.
576 467 653 512 263
687 465 735 503 ad
767 464 812 511 Q.
846 466 891 503 fr.
925 465 952 512 1,
988 466 1024 513 1,
1052 467 1101 511 73
1130 465 1180 514 ‘de
1210 470 1309 506 orat.
1343 466 1403 514 ΙΙΙ,
1428 469 1478 515 3;
1512 468 1731 509 Savelsium
1762 470 1811 509 ad
1854 446 1860 462 ἶ

119 535 158 577 h.
182 534 226 582 1.)
257 534 502 574 retinendum
533 548 620 575 esse
651 535 811 574 videtur.
875 535 1105 575 Germanice
1137 535 1206 590 *sic
1248 536 1444 586 explices:
1492 537 1563 578 Die
1602 539 1812 580 Verkiiufer

121 606 253 659 hatten
285 619 367 644 nun
398 606 541 645 einmal
573 606 634 645 die
664 605 798 646 Laune
829 605 889 644 ihr
920 605 1098 645 Getreide
1128 606 1403 646 anderswohin
1433 621 1479 647 zu
1511 609 1706 650 schicken.

266 688 310 727 V.
338 690 404 729 12.
438 701 555 738 quae
586 692 629 727 et
658 688 777 727 illud
800 688 1018 727 nativum
1048 693 1091 727 et
1122 688 1215 728 hoc
1240 688 1263 734 †
1294 689 1526 729 delictum
1546 693 1718 731 malum
1749 706 1813 733 sa·
1846 695 1873 744 j

119 772 230 798 nare
262 763 435 808 posset.
498 758 715 808 Madvigius
746 759 772 799 l.
802 759 826 797 l.
861 764 886 797 t.
920 758 935 796 I
967 772 1004 809 p.
1030 760 1082 800 18
1116 759 1342 810 proposuit:
1377 760 1623 801 adiectum.
1662 763 1812 814 Ieepius

119 829 309 868 coniecit:
359 843 382 868 a
418 833 461 867 te
493 829 673 868 fictum.
736 829 787 868 At
818 829 982 868 meliora
1027 830 1166 869 docent
1205 829 1281 869 duo
1314 829 1513 870 Ciceronis
1556 831 1644 880 loci,
1676 833 1698 880 ἓ
1731 836 1810 875 62:

120 901 283 939 domus
316 900 518 939 ardebat
563 900 611 940 in
642 900 830 940 Palatio
876 913 967 940 non
998 901 1218 949 fortuito,
1252 901 1331 940 sed
1372 902 1532 941 oblato
1571 902 1812 954 incendio;

119 971 227 1010 acad.
262 970 292 1009 II
323 972 450 1017 §48:
484 984 633 1021 neque
663 976 712 1010 ut
743 971 996 1022 quidquam
1028 971 1295 1011 interesset
1325 971 1446 1011 inter
1467 971 1748 1014 intestinum
1769 979 1813 1015 et

120 1042 342 1080 oblatum.
408 1041 666 1081 Scribendum
697 1041 877 1080 videtur:
912 1047 954 1080 et
984 1042 1071 1081 hoc
1103 1043 1328 1082 oblatum.
1393 1042 1442 1090 (J.
1475 1042 1671 1091 Mtiller.)'
1707 1045 1823 1085 Bene-

119 1112 221 1150 inter
253 1125 295 1150 se
326 1112 523 1151 contraria
546 1112 675 1162 posita
697 1116 808 1151 sunt:
843 1099 963 1150 illud
994 1112 1207 1151 nativum
1237 1117 1275 1151 et
1305 1112 1394 1151 hoc
1425 1114 1650 1153 oblatum.
1684 1115 1813 1154 Facile

120 1187 252 1222 autem
284 1183 434 1233 syllaba
465 1183 521 1222 ob
553 1187 643 1233 post
674 1195 889 1234 pronomen
921 1182 1008 1222 hoc
1039 1183 1281 1233 neglegentia
1302 1183 1449 1223 librarii
1476 1183 1653 1224 excidere
1674 1184 1810 1236 potuit.

264 1271 307 1311 V.
333 1274 401 1313 13.
434 1285 489 1311 ne
520 1272 565 1311 in
586 1272 705 1312 hanc
737 1277 915 1313 tantam
947 1272 1198 1312 materiem
1230 1272 1484 1312 seditionis
1506 1272 1600 1313 ista
1621 1274 1814 1314 funesta

120 1344 198 1382 fax
232 1343 608 1382 adhaeresceret.
1496 1331 1503 1338 ⁴

262 1425 478 1465 Offensioni
511 1430 621 1464 erant
667 1425 759 1464 viris
806 1425 931 1465 doctis
973 1427 1089 1465 verba
1121 1425 1185 1473 „in
1229 1426 1331 1465 hanc
1376 1430 1526 1465 tantam
1569 1425 1811 1465 materiem“.

120 1496 221 1543 Quid
255 1496 390 1535 Cicero
423 1496 643 1545 scripserit,
677 1510 723 1535 ex
756 1498 777 1543 ἓ
813 1499 880 1537 63.
900 1496 1164 1545 cognoscitur,
1209 1496 1275 1535 ubi
1306 1496 1498 1546 legimus:
1543 1496 1582 1535 in
1627 1510 1690 1535 me
1734 1509 1813 1535 uno

122 1567 352 1604 consulares
383 1567 487 1604 faces
520 1565 677 1605 iactae
708 1566 890 1605 manibus
922 1566 1140 1605 tribuniciis
1172 1567 1444 1606 adhaeserunt.
1476 1565 1577 1605 Vera
1597 1566 1711 1605 lectio
1732 1570 1811 1607 est:

119 1650 168 1675 ne
200 1636 239 1675 in
271 1636 374 1676 hanc
406 1641 556 1676 tantam
587 1636 790 1676 materiem
822 1637 1022 1676 seditionis
1066 1637 1194 1677 iacta
1224 1638 1379 1676 funesta
1409 1637 1474 1677 fax
1506 1637 1812 1676 adhaeresceret.

120 1707 248 1757 Culpa
279 1707 425 1747 librarii
459 1707 584 1746 iacta
615 1707 654 1745 in
687 1707 779 1747 ista
811 1712 1003 1746 mutatum
1037 1713 1107 1746 est.
1172 1708 1248 1747 Sed
1280 1708 1447 1747 fortasse
1479 1707 1573 1747 ista
1604 1708 1814 1746 tenendum

118 1783 156 1818 et
189 1783 278 1829 post
310 1779 386 1818 fax
419 1778 672 1817 inserendum
693 1783 754 1817 est
785 1778 927 1818 iacta.
976 1779 1146 1828 Langius
1179 1778 1233 1829 (p.
1255 1778 1324 1826 17)
1354 1778 1603 1818 scribendum
1635 1777 1810 1817 censuit:

118 1862 172 1887 ne
205 1849 249 1887 in
280 1849 366 1887 hac
398 1853 530 1888 tanta
564 1848 765 1887 materie
798 1849 1049 1888 seditionis
1094 1849 1188 1888 ista
1232 1849 1419 1888 funesta
1457 1850 1532 1888 fax
1565 1848 1812 1888 adhaeres-

119 1923 275 1958 ceret?

259 2001 319 2041 Vl.
355 2003 423 2042 15.
456 2001 683 2041 Nonnulli
716 2006 869 2041 autem
901 2001 1032 2042 illam
1064 2015 1158 2041 rem
1191 2002 1245 2041 ad
1283 2002 1414 2041 illam
1447 2000 1679 2041 rationem
1713 2012 1812 2039 con-

119 2072 447 2122 iecturamque
478 2073 781 2111 revocabant.
831 2073 950 2112 Recte
983 2073 1140 2123 scripsit
1171 2073 1390 2112 Gesnerus:
1424 2073 1479 2112 ad
1510 2071 1655 2111 aliam
1686 2070 1813 2110 ratio

117 2157 230 2182 nem.
294 2142 476 2181 Occurrit
506 2148 637 2182 autem
669 2143 904 2193 permutatio
935 2144 1214 2183 vocabulorum
1251 2144 1373 2183 alius
1419 2148 1457 2182 et
1487 2142 1570 2181 ille
1614 2141 1731 2181 etiam
1772 2140 1812 2179 in

117 2215 139 2261 ἓ
173 2215 270 2261 101,
304 2214 370 2253 ubi
402 2226 499 2264 pro:
545 2218 588 2252 et
619 2213 696 2264 qui
727 2213 856 2253 aliud
887 2226 978 2253 cum
1010 2213 1217 2265 Spengelio
1257 2213 1507 2253 scribendum
1538 2216 1617 2251 est:
1660 2215 1703 2251 et
1734 2209 1811 2261 qui

117 2285 252 2325 illud.
317 2284 430 2332 Quod
462 2289 593 2324 autem
624 2284 798 2334 Langius
831 2284 885 2334 (p.
912 2284 982 2331 18)
1021 2285 1247 2335 proposuit:
1288 2284 1342 2323 ad
1384 2284 1541 2322 solam
1578 2281 1812 2321 rationem

118 2360 155 2394 et
186 2369 210 2394 a
241 2356 419 2394 codicum
453 2355 648 2405 scriptura
678 2354 795 2393 nimis
839 2355 982 2394 recedit
1022 2368 1148 2406 neque
1192 2354 1460 2394 necessarium
1506 2357 1578 2394 est.
1641 2352 1742 2390 Nam
1784 2351 1810 2390 ii

117 2438 283 2476 quoque,
309 2425 381 2478 ,qui
423 2427 517 2464 deos
565 2425 807 2464 immortales
840 2425 1038 2465 Ciceronis
1085 2425 1252 2465 reditum
1298 2425 1578 2475 comprobasse
1616 2421 1809 2469 dicebant,

117 2496 268 2535 ratione
300 2496 600 2545 coniecturaque
632 2494 875 2542 nitebantur;
924 2495 1153 2535 Ciceronem
1197 2499 1328 2535 autem
1373 2493 1414 2533 in
1444 2493 1506 2532 his
1552 2491 1744 2531 rationem
1774 2493 1812 2528 et

116 2565 346 2615 religionem
367 2566 529 2605 deorum
545 2564 828 2605 immortalium
848 2564 1077 2605 distinxisse
1098 2570 1141 2605 ut
1154 2566 1311 2605 credam
1333 2564 1509 2615 equidem
1526 2575 1604 2602 non
1627 2561 1810 2601 adducor.
1875 2577 1878 2579 ’

258 2653 334 2691 V11.
371 2655 437 2693 17.
471 2652 636 2702 Itaque
669 2651 766 2691 sive
796 2652 924 2691 hunc
954 2653 998 2691 di
1030 2653 1330 2692 immortales
1373 2651 1578 2690 fructum
1617 2646 1708 2686 mei
1749 2657 1810 2684 re·
1876 2697 1878 2699 Ι

116 2723 243 2763 ditus
276 2723 450 2773 populo
482 2721 690 2762 Romano
723 2721 958 2771 tribuunt,
990 2727 1069 2763 ut.
1093 2755 1101 2763 .
1127 2754 1136 2763 .
1162 2754 1170 2762 .
1193 2722 1395 2762 reducta
1424 2720 1690 2766 videantur,
1714 2714 1811 2756 sive
1860 2756 1878 2775 γ,

116 2798 297 2843 egomet
328 2793 542 2844 aliquid.
568 2825 576 2834 .
602 2823 609 2831 .
635 2823 644 2832 .
668 2792 819 2831 debui.
