1878 3020
60 150 263 198 tinebant,
294 150 421 189 verbis
446 150 632 189 auxisse?
687 149 860 197 Accedit,
890 147 996 198 quod
1016 146 1152 186 Cicero
1181 160 1231 187 ne
1258 148 1299 187 in
1327 147 1505 188 Sestiana
1533 148 1692 200 quidem
1718 151 1768 191 de
1802 132 1855 193 ἦ)

71 221 146 260 hac
175 234 217 260 re
247 221 317 260 sibi
346 224 519 267 constat3
548 233 642 260 nam
669 232 759 259 cum
786 219 826 257 in
854 230 939 268 cap.
959 216 1084 256 XXIV
1110 219 1132 265 ἓ
1160 220 1211 258 53
1240 218 1429 270 scriptum
1456 218 1516 268 sit,
1545 219 1688 260 liberos
1715 221 1766 261 ad
1856 219 1874 226 “

72 304 212 330 necem
241 291 440 342 quaesitos
468 304 567 338 esse,
609 290 649 328 in
677 289 853 328 eiusdem
881 300 937 327 or.
968 300 1000 326 c.
1021 287 1145 327 LXIX
1171 289 1193 335 ἓ
1221 291 1293 337 45,
1334 289 1400 328 ubi
1425 290 1501 330 hoc
1528 290 1662 330 referri
1701 304 1766 331 ex·
1839 279 1878 341 .ζῖ

73 366 239 413 spectes
267 362 343 403 hoc
371 374 494 400 unum
522 359 631 408 dicit,
660 359 804 398 liberos
833 370 920 397 esse
949 357 1188 408 dissipatos?
1235 359 1384 410 Ecquid
1412 361 1518 400 vides
1545 361 1766 401 Wolfianae
1863 345 1872 355 Δ

72 431 289 470 sententiae
316 430 638 480 perversitatem?
682 428 746 467 An
774 428 813 467 id
840 428 955 468 nobis
989 428 1241 467 statuendum
1270 433 1346 477 est,
1384 443 1440 470 or.
1469 431 1567 471 Sest.
1589 445 1622 471 c.
1641 433 1767 473 XXIV

72 505 111 540 et
139 501 262 540 LXIX
288 513 369 539 non
396 501 446 539 ab
475 500 614 546 eodeni
642 511 731 537 esse
759 498 930 549 scripta?

213 577 275 615 Ad
302 589 334 615 c.
363 576 506 615 XXVII
534 577 554 622 ἓ
586 577 647 622 70,
676 575 743 613 ubi
770 574 959 624 scriptum
990 578 1067 613 est:
1106 587 1222 622 „nam
1253 574 1419 614 tribunis
1446 577 1571 627 plebis
1597 580 1764 619 referen-

70 648 174 686 tibus
203 645 436 686 sententiam
464 645 512 682 de
540 657 604 683 me
633 645 860 695 designatus
888 644 1028 684 consul
1055 657 1194 695 saepe
1223 644 1377 684 dixisti“
1405 646 1575 686 Wolfius
1602 649 1764 689 adnotat

68 718 184 756 haec:
225 717 349 764 „Octo
378 715 543 754 tribunis
570 715 695 765 plebis
723 727 1009 765 saepenumero
1038 715 1295 755 referentibus
1324 709 1457 757 credo.>
1509 717 1638 757 Unam
1665 720 1763 758 Len·

68 787 139 826 tuli
166 786 358 837 designati
386 798 466 826 cos.
496 786 544 824 de
573 798 614 824 se
643 785 879 824 sententiam
906 785 1041 824 laudat
1060 784 1140 825 Cic.
1160 798 1230 835 pro
1260 785 1360 825 Sest.
1380 788 1401 833 ἓ
1425 788 1510 826 70.“
1558 787 1636 826 Sed
1656 789 1763 828 Wol-

68 858 163 897 fium
191 858 306 908 plane
333 856 451 907 fugit,
492 869 591 908 quae
629 856 823 896 sententia
856 855 946 895 insit
980 856 1021 895 in
1048 856 1177 895 verbis
1216 856 1407 905 „tribunis
1443 858 1568 909 plebis
1595 860 1762 899 reseren-

66 928 210 967 tibus.“
268 928 357 966 Non
376 928 453 966 hoc
482 927 573 966 dicit
592 926 743 975 Cicero,
764 928 805 967 P.
828 927 1040 966 Lentulum
1067 940 1215 977 saepe
1244 928 1479 967 sententiam
1507 930 1555 968 de
1577 943 1618 969 se
1639 930 1762 981 desig·
1810 939 1815 944 ”

65 1003 202 1037 natum
231 998 433 1036 consulem
462 997 617 1045 dixisse,
657 1011 748 1037 cum
777 1001 887 1037 octo
917 997 1063 1036 tribuni
1089 997 1215 1047 plebis
1247 999 1294 1037 de
1323 998 1522 1039 Ciceronis
1550 1001 1762 1043 rediture·

64 1069 211 1107 ferrent
239 1069 292 1117 (v.
311 1069 531 1116 Drumann,
561 1068 591 1107 ll
610 1081 647 1119 p.
668 1069 783 1117 281„
814 1080 907 1106 nam
931 1080 1022 1106 cum
1041 1067 1169 1106 verbis
1189 1067 1381 1115 „tribunis
1408 1069 1461 1119 pl.
1478 1071 1760 1111 referentibus“
1832 1109 1839 1115 ,

64 1139 103 1176 111
132 1139 333 1176 enuntiato
362 1138 585 1188 insequenti
613 1142 751 1177 contra
779 1138 951 1188 positum
979 1138 1028 1175 sit
1057 1150 1131 1185 „ex
1150 1137 1335 1176 Kalendis
1353 1139 1462 1179 Jan.“
1494 1140 1587 1180 satis
1614 1142 1761 1181 intelle-

64 1208 178 1258 gitur,
209 1208 440 1247 Ciceronem
468 1209 522 1246 ita
541 1208 724 1256 dividere,
755 1211 797 1246 ut
825 1207 928 1246 dicat
945 1220 1050 1246 anno
1070 1209 1132 1246 58.
1152 1207 1201 1245 de
1220 1220 1292 1246 suo
1320 1208 1447 1247 reditu
1465 1210 1663 1250 rettulisse
1691 1212 1755 1250 tri·

63 1278 192 1316 bunos
229 1291 337 1324 uiam
365 1278 454 1316 Piso
484 1281 522 1315 et
551 1277 739 1316 Gabinius
766 1277 951 1315 consules
978 1277 1020 1317 P.
1050 1276 1174 1315 Clodii
1211 1277 1297 1327 lege
1323 1277 1497 1328 impediti
1537 1281 1584 1319 de
1611 1281 1686 1319 hac
1714 1294 1756 1320 re

62 1350 207 1387 referre
237 1362 318 1388 non
346 1349 556 1396 audebant,
585 1362 621 1390 v.
651 1347 751 1387 Sest.
781 1360 814 1387 c.
842 1347 1013 1395 XXXII),
1042 1346 1220 1397 proximo
1258 1355 1390 1387 autem
1417 1362 1522 1389 anno
1549 1353 1635 1400 (57)
1662 1352 1760 1390 Len-

63 1419 190 1458 tulum
210 1419 416 1457 consulem
436 1419 578 1469 ipsum.
617 1420 754 1468 Itaque
775 1418 831 1456 sic
851 1420 1001 1456 vertas:
1032 1417 1145 1456 Denn
1164 1418 1363 1469 solange
1381 1419 1442 1458 die
1457 1420 1759 1461 Volkstribunen

63 1490 124 1527 die
153 1490 327 1539 Antra'ge
357 1490 455 1527 fiber
482 1489 610 1527 meine
638 1488 849 1527 Rtickkehr
879 1488 1035 1527 stellten
1063 1491 1186 1534 (anno
1206 1491 1300 1537 58.),
1328 1490 1418 1528 hast
1445 1490 1497 1529 du
1526 1492 1581 1530 oft
1616 1492 1675 1531 als
1702 1506 1758 1531 er-

62 1559 228 1598 wahlter
248 1559 398 1598 Consul
419 1560 532 1598 deine
551 1559 735 1609 Meinung
764 1559 861 1597 tiber
880 1558 984 1597 mich
1012 1559 1227 1608 geaussert3
1257 1559 1330 1597 seit
1348 1560 1438 1598 dem
1466 1564 1597 1599 ersten
1614 1562 1760 1602 Januar

62 1631 157 1669 aber
186 1636 308 1678 (anno
337 1633 404 1679 57)
431 1631 521 1669 hast
549 1631 602 1668 du
630 1634 704 1670 cet.
759 1629 955 1677 Quoniam
983 1632 1115 1668 autem
1144 1629 1512 1679 demonstravimus,
1544 1645 1644 1682 quae
1671 1646 1757 1672 sen·

61 1702 182 1740 tentia
210 1702 338 1740 verbis
368 1701 558 1749 „tribunis
584 1701 637 1751 pl.
666 1699 949 1739 referentibus·‘
980 1699 1155 1739 subiecta
1183 1700 1249 1748 sit,
1278 1705 1420 1750 restat,
1462 1705 1504 1741 ut
1531 1703 1757 1752 probemus,

60 1772 271 1811 Lentulum
300 1785 405 1811 anno
435 1774 510 1818 58„
541 1784 619 1822 quo
648 1774 694 1809 tr.
723 1771 775 1821 pl.
805 1771 852 1809 de
880 1770 1007 1809 reditu
1036 1770 1234 1809 Ciceronis
1262 1772 1495 1820 referebant,
1525 1785 1642 1824 saepe
1669 1786 1757 1812 sen-

60 1843 223 1881 tentiam
251 1843 407 1882 dixisse.
462 1842 549 1881 Hoc
577 1845 709 1881 autem
737 1841 928 1891 probatur
956 1840 1056 1880 Sest.
1086 1853 1118 1879 0.
1142 1841 1285 1880 XXXII
1313 1843 1334 1889 ξ
1363 1845 1434 1882 69:
1464 1843 1568 1894 „qui,
1598 1857 1689 1884 cum
1716 1845 1757 1884 in

59 1917 199 1952 senatu
218 1913 368 1964 privati,
390 1917 433 1952 ut
451 1914 499 1952 de
518 1926 581 1951 me
601 1912 815 1952 sententias
835 1911 1020 1960 dicerent,
1042 1911 1281 1962 flagitabant,
1301 1913 1427 1963 legem
1447 1913 1500 1953 illi
1520 1927 1562 1953 se
1576 1914 1755 1954 Clodiam

58 1985 194 2024 timere
224 1985 452 2033 dicebant“;
481 1984 752 2036 imperfectum
781 1987 913 2023 autem
939 1982 1217 2034 „flagitabant“
1248 1983 1373 2031 docet,
1394 1984 1593 2024 Ciceronis
1612 1997 1754 2025 causae

57 2069 175 2107 saepe
203 2069 226 2094 a
254 2056 411 2106 privatis
430 2056 671 2094 mentionem
691 2056 833 2094 factam
852 2067 950 2094 esse.
1002 2054 1078 2093 Sed
1098 2054 1190 2105 quid
1209 2054 1284 2093 hoc
1303 2055 1353 2093 ad
1370 2055 1473 2094 hanc
1491 2059 1602 2094 rem?
1648 2056 1753 2095 Num

56 2127 248 2166 Lentulus
275 2133 359 2166 tum
388 2127 563 2177 privatus
592 2129 704 2165 erat?
759 2125 881 2173 Sane;
922 2138 1017 2164 nam
1045 2125 1184 2164 consul
1213 2125 1439 2176 designatus
1468 2130 1552 2165 erat
1578 2126 1753 2177 privatus

54 2197 120 2246 (cf.
139 2197 242 2236 hanc
262 2200 317 2245 tu,
347 2198 389 2236 P.
411 2197 588 2245 Lentule,
616 2209 745 2246 neque
772 2196 945 2246 privatus
973 2208 1101 2246 neque
1129 2196 1267 2234 consul
1295 2196 1422 2247 legem
1450 2209 1536 2235 esse
1564 2209 1751 2247 umquam

54 2268 228 2319 putasti).
282 2268 334 2306 At
361 2267 427 2307 ubi
456 2261 645 2318 scriptum
673 2270 753 2315 est,
781 2267 992 2306 Lentulum
1019 2265 1059 2305 in
1085 2266 1160 2306 illis
1188 2267 1348 2318 privatis
1376 2267 1515 2316 fuisse,
1553 2268 1620 2318 qui
1645 2267 1750 2319 fiagi-

53 2340 203 2387 tabant,
234 2343 276 2377 ut
305 2339 353 2377 de
373 2337 563 2376 Cicerone
583 2337 797 2376 sententias
817 2337 1018 2376 dicerent?
1045 2337 1131 2376 Hoc
1150 2350 1347 2388 nusquam
1366 2338 1553 2396 scriptum
1572 2343 1651 2386 est;
1680 2327 1749 2377 sed

52 2422 171 2449 nemo
201 2409 404 2458 dubitabit,
434 2408 527 2460 quin
554 2420 617 2448 res
642 2407 700 2448 sic
730 2420 772 2448 se
799 2408 955 2457 habeat,
984 2408 1050 2459 qui
1069 2407 1170 2448 Sest.
1189 2420 1223 2448 0.
1242 2407 1396 2457 XXXII,
1415 2407 1593 2458 XXXIII,
1612 2408 1748 2458 LXIX,

50 2480 129 2521 Mil.
149 2493 183 2522 0.
202 2481 271 2520 XV
290 2480 439 2531 legerit.

192 2552 254 2591 Ad
282 2565 316 2593 0.
336 2553 372 2592 X
392 2554 413 2600 §
434 2554 498 2600 26,
526 2551 594 2591 ubi
612 2564 675 2590 res
694 2550 948 2591 frumentaria
967 2564 1016 2590 ex
1036 2564 1104 2590 ore
1122 2550 1385 2602 impurissimo
1406 2550 1496 2593 Sex.
1517 2550 1642 2592 Clodii
1659 2563 1747 2592 esse
1803 2536 1824 2598 ,¹
1842 2533 1878 2597 ff,

50 2628 184 2675 erepta
196 2627 390 2672 narratur,
405 2622 574 2663 Wolfius
587 2627 722 2662 monet
734 2623 838 2674 apud
850 2622 1067 2663 Asconium
1079 2622 1121 2662 in
1134 2622 1209 2662 Pis.
1224 2635 1258 2663 0.
1269 2625 1295 2663 4
1307 2626 1347 2662 et
1358 2622 1526 2664 Dionem
1538 2622 1746 2673 XXXVIII,

50 2696 113 2744 13,
142 2696 208 2746 qui
236 2696 278 2734 P.
300 2695 425 2735 Clodii
457 2695 587 2746 legem
615 2694 663 2734 de
691 2707 851 2735 annona
886 2697 1071 2747 tangant,
1110 2693 1207 2733 nihil
1233 2707 1320 2734 esse
1348 2694 1538 2746 scriptum
1574 2694 1625 2734 de
1650 2705 1747 2734 eura
1838 2696 1878 2763 ’,ἐξ

48 2765 138 2808 SeX.
159 2766 296 2806 Clodio
324 2767 524 2817 mandata,
552 2766 665 2809 cuius
692 2781 742 2808 ne
770 2767 908 2808 Cicero
936 2767 1096 2821 quidem
1122 2766 1365 2807 mentionem
1391 2765 1519 2806 faciat.
1585 2773 1592 2783 ¹
