1878 3020
230 559 462 626 Orationem
484 583 532 624 de
552 583 682 632 domo,
692 579 723 631 ¹)
750 595 850 635 quae
877 596 945 635 per
965 587 1022 624 tot
1043 583 1202 624 saecula
1222 583 1419 624 communi
1440 584 1611 624 virorum
1633 584 1775 625 littera·

89 658 219 693 torum
250 667 445 694 consensu
464 655 514 693 M.
539 654 669 693 Tullio
690 653 867 693 Ciceroni
897 654 1149 702 tribuebatur,
1189 655 1339 704 primus
1370 655 1445 696 Jer.
1468 651 1773 702 Marklandus,²)

89 736 232 775 magna
261 724 318 764 vir
348 725 447 764 inter
472 724 622 774 Anglos
653 724 893 772 auctoritate,
925 725 975 764 ab
996 737 1040 764 eo
1068 725 1269 775 scriptore,
1308 725 1420 764 cuius
1450 725 1549 764 inter
1580 725 1775 764 orationes

0 789 16 842 ’ἦ
88 794 130 834 in
149 794 330 834 omnibus
347 794 545 844 codicibus
567 794 709 834 tradita
724 799 795 842 est,
824 794 1057 834 abiudicavit
1072 808 1194 846 eoque
1207 795 1521 845 indignissimam
1538 808 1625 834 esse
1641 794 1775 833 multis

88 864 328 915 argumentis
344 865 576 904 confirmare
597 870 760 904 conatus
783 870 853 904 est.
888 865 962 912 Qui
979 878 1067 904 cum
1082 866 1137 904 illi
1152 866 1449 912 controversiae,
1458 862 1491 912 3)
1513 866 1560 904 de
1576 865 1775 904 Ciceronis

6 911 22 962 il
90 934 140 975 ad
169 934 220 975 M.
239 935 403 975 Brutum
425 934 601 986 epistolis
622 935 721 975 inter
748 934 935 975 Jacohum
957 935 1208 976 Tunstallum
1240 941 1278 975 et
1299 935 1394 976 Con.
1411 936 1691 976 Middletonum
1713 949 1775 975 ex-

90 1010 210 1053 ortae,
241 1002 410 1052 libello⁴)
432 1006 596 1055 Anglice
618 1006 764 1056 scripto
784 1006 1041 1053 interveniret,
1073 1020 1152 1045 non
1175 1008 1302 1045 solum
1325 1003 1519 1045 Tun'stalli
1542 1007 1776 1045 sententiam

22 1086 24 1088 “
89 1076 363 1128 comprobans,
385 1076 473 1116 illas
496 1076 694 1117 Ciceronis
716 1081 753 1116 et
769 1076 878 1116 Bruti
894 1076 1080 1128 epistolas
1103 1077 1367 1117 exercitationi
1385 1077 1542 1116 scholae
1559 1076 1776 1116 rhetoricae

88 1160 177 1186 esse
205 1145 470 1194 tribuendas¹⁵>
501 1148 642 1194 docuit,
682 1160 817 1186 verum
859 1147 976 1187 etiam
1006 1153 1187 1197 quattuor
1218 1148 1455 1186 orationum:
1489 1152 1579 1197 post
1608 1147 1775 1185 reditum

88 1216 127 1256 in
160 1220 309 1265 senatu,
348 1217 395 1257 de
425 1217 541 1257 domo
572 1222 650 1257 sua*
673 1218 722 1257 ad
743 1217 958 1268 pontifices,
991 1208 1038 1258 de
1059 1218 1313 1269 haruspicum
1343 1215 1572 1269 responso⁶)
1600 1217 1775 1268 quemvis

229 1341 260 1388 ¹)
284 1344 386 1379 Hanc
410 1343 681 1389 inscriptionem
705 1345 757 1379 de
782 1345 916 1380 domo
942 1345 1146 1380 invenimus
1171 1345 1209 1380 in
1234 1345 1356 1380 codice
1379 1345 1541 1380 Parisino
1566 1355 1665 1380 num.
1684 1344 1775 1378 7794

90 1402 262 1445 omnium,
288 1402 326 1437 in
351 1402 483 1448 quibus
507 1403 598 1438 haec
615 1399 728 1439 oratio
753 1404 886 1439 tradita
910 1409 974 1448 est,
1000 1406 1104 1449 longe
1129 1405 1276 1449 optimo,
1302 1406 1397 1449 apud
1422 1404 1658 1445 Priscianum‚
1686 1404 1776 1438 Aru-

89 1462 231 1497 sianum
255 1461 432 1504 Messium,
458 1461 630 1503 Servium,
656 1462 828 1505 Grillium,
854 1463 1022 1509 Aquilam
1047 1463 1261 1505 Romanum,
1287 1463 1529 1498 Rufinianum.
1562 1463 1606 1497 cf.
1632 1462 1704 1497 Cic.
1729 1463 1774 1497 ad

88 1519 161 1556 Att
188 1520 244 1562 IV,
271 1519 309 1555 2:
359 1520 446 1555 Post
482 1521 585 1556 datas
617 1521 696 1556 illas
728 1522 866 1557 litteras
900 1526 1022 1558 secuta
1047 1525 1100 1558 est
1125 1533 1265 1557 summa
1290 1521 1470 1557 contentio
1497 1522 1540 1556 de
1574 1522 1702 1563 domo;
1739 1524 1775 1556 et

87 1578 234 1623 Quintil.
258 1577 302 1622 X,
330 1578 347 1613 1
377 1578 525 1624 (Halm):
551 1590 637 1615 nam
661 1580 705 1616 de
730 1581 837 1617 domo
863 1582 1044 1618 Ciceronis
1070 1582 1158 1617 dixit
1184 1581 1350 1617 Calidius.

227 1648 256 1695 ²)
280 1650 371 1686 Guil.
397 1651 559 1696 Bowyer,
585 1652 736 1697 scriptor
761 1643 891 1689 libelli.
917 1665 939 1688 a
956 1653 1195 1694 dissertation,
1222 1653 1259 1687 in
1284 1652 1406 1687 which
1424 1622 1487 1687 the
1513 1651 1711 1697 objections
1736 1652 1777 1687 of

87 1710 158 1745 late
182 1710 366 1755 pamphlet
392 1713 430 1745 to
454 1710 517 1745 the
539 1711 701 1755 writings
726 1712 767 1746 of
789 1712 851 1747 the
876 1712 1048 1755 ancients‚
1074 1712 1166 1747 after
1190 1712 1252 1746 the
1269 1722 1421 1746 manner
1442 1711 1483 1745 of
1496 1711 1559 1746 M1.
1577 1711 1773 1752 Markland,

88 1780 148 1804 are
173 1769 302 1814 clearly
328 1770 514 1805 answered
537 1772 615 1812 etc„
652 1769 900 1805 Marklandum
926 1771 1028 1805 divae
1061 1769 1211 1806 Criticae
1236 1769 1360 1804 unicas
1385 1768 1530 1804 delicias
1556 1770 1711 1804 vocavit.
1740 1780 1773 1804 v,

88 1827 146 1863 Fr.
160 1827 203 1863 A.
214 1828 330 1863 Wolf:
347 1827 394 1862 Μ.
408 1826 502 1862 Tulli
516 1828 700 1863 Ciceronis
717 1839 808 1873 quae
821 1829 928 1873 vulgo
946 1829 1110 1863 feruntur
1127 1829 1308 1863 orationes
1326 1831 1495 1872 quattuor
1514 1839 1595 1862 cum
1612 1829 1772 1863 animad-

74 1884 313 1921 'versionibus
338 1885 485 1930 integris
510 1886 708 1921 Marklandi
733 1891 768 1922 et
791 1887 823 1922 J.
840 1887 885 1923 Μ.
904 1886 1062 1922 Gesneri.
1100 1886 1256 1922 Berolini
1284 1886 1385 1920 1801.
1421 1896 1503 1930 pag.
1527 1887 1568 1920 X.
1595 1889 1630 1920 et
1654 1887 1774 1927 Orelli,

51 1982 55 1989 ,
87 1942 335 1978 onomasticon
346 1942 551 1978 Tullianum
564 1943 590 1978 1.
603 1954 638 1988 p.
652 1943 732 1979 433.
750 1944 908 1979 Nichol's
922 1939 1112 1980 anecdotes
1125 1945 1167 1979 of
1179 1946 1342 1989 Bowyer,
1361 1945 1514 1979 London
1529 1943 1630 1979 1782.
1648 1955 1683 1989 p.
1697 1944 1774 1978 189.

225 2010 257 2056 ⁸)
283 2012 326 2050 V.
350 2013 470 2049 Wolfii
495 2014 687 2049 editionem
711 2014 758 2050 IV
784 2016 990 2051 orationum
1022 2028 1057 2061 p.
1074 2016 1121 2051 VI
1146 2028 1243 2061 seqq.
1270 2019 1305 2051 et
1330 2016 1367 2050 C.
1393 2016 1448 2050 Fr.
1476 2016 1673 2051 Hermanni
1698 2015 1774 2049 vin·

0 2109 2 2112 ,
85 2071 198 2107 dicias
233 2072 421 2108 latinitatis
454 2073 688 2118 epistolarum
720 2072 903 2109 Ciceronis
936 2075 981 2109 ad
1015 2074 1060 2110 M.
1085 2075 1237 2110 Brutum
1272 2078 1306 2109 et
1339 2074 1441 2109 Bruti
1474 2075 1519 2109 ad
1552 2074 1774 2109 Ciceronem.

85 2129 278 2177 Gottingae
305 2131 407 2168 1844.
456 2143 490 2177 p.
517 2132 538 2167 3
563 2143 663 2177 seqq.

224 2199 256 2247 ⁴¹)
277 2203 346 2238 Hic
370 2202 510 2238 libellus
535 2202 587 2238 sic
611 2203 835 2239 inscribitur:
860 2202 1033 2238 Remarks
1059 2214 1106 2238 on
1131 2204 1193 2239 the
1218 2204 1361 2249 epistles
1379 2204 1419 2239 of
1433 2194 1554 2240 Cicero
1579 2206 1617 2238 to
1643 2203 1775 2237 Brutus

84 2261 156 2297 and
182 2261 223 2296 of
244 2261 377 2297 Brutus
400 2265 438 2298 to
464 2262 598 2304 Cicero,
624 2262 664 2296 in
687 2273 709 2296 a
732 2262 835 2297 letter
858 2265 895 2297 to
921 2274 943 2296 a
965 2262 992 2295 F
996 2263 1107 2297 riend.
1143 2262 1243 2296 With
1269 2274 1290 2296 a
1314 2263 1540 2297 dissertation
1568 2272 1665 2306 upon
1692 2262 1773 2296 four

0 2316 22 2369 ζ
59 2324 61 2326 ’
84 2312 252 2356 orations
276 2319 439 2355 ascribed
462 2323 501 2356 to
525 2320 571 2356 M.
587 2319 724 2355 Tullius
749 2319 873 2355 Cicero
898 2323 964 2356 etc.
1003 2320 1167 2355 Extracts
1192 2324 1253 2355 out.
1279 2321 1319 2355 of
1341 2321 1403 2355 the
1430 2320 1538 2355 Notes
1564 2319 1605 2353 of
1625 2319 1768 2354 learned

55 2415 63 2420 .‚
84 2378 167 2415 Men
188 2389 287 2424 upon
304 2379 408 2414 those
424 2379 592 2415 Orations
609 2389 657 2413 on
673 2379 785 2414 them.
810 2379 862 2424 By
878 2379 949 2413 Jer.
966 2379 1164 2419 Markland,
1190 2378 1323 2412 Fellow
1341 2379 1381 2412 of
1394 2378 1444 2412 St.
1463 2378 1595 2412 Peter's
1622 2378 1773 2421 CoHege,

87 2435 310 2482 Cambridge.
334 2436 487 2472 London
511 2448 544 2472 a.
571 2436 673 2472 1745.

0 2513 13 2548 ξ
33 2524 48 2541 4
226 2492 256 2539 ⁶)
278 2495 378 2531 Idem
394 2496 601 2540 nuperrime
624 2495 795 2532 iudicavit
819 2496 907 2532 Paul
925 2496 1059 2541 Meyer:
1086 2495 1363 2538 Untersuchung
1388 2495 1477 2529 uber
1501 2494 1557 2529 die
1574 2495 1689 2538 Frage
1714 2494 1777 2528 der

0 2552 40 2622 “st
64 2606 67 2610 ,
87 2551 259 2591 Ech'theit
282 2554 345 2589 des
370 2554 639 2589 Briefwechsels
665 2554 788 2590 Cicero
813 2555 859 2590 ad
884 2555 1046 2590 Br.utum
1096 2554 1271 2599 Stuttgart
1301 2552 1402 2587 1881.

0 2633 51 2677 ᾗς,-
229 2622 261 2668 ο)
287 2625 331 2659 de
355 2624 588 2669 inscriptione
621 2625 753 2660 harum
787 2627 878 2659 orat.
911 2636 945 2659 v.
970 2624 1153 2659 Halmium
1182 2624 1237 2658 in.
1264 2617 1381 2666 „Uber
1407 2622 1549 2657 Ciceros
1580 2622 1676 2656 Rede
1711 2634 1776 2666 pro

0 2671 36 2726 {⁴232
79 2683 130 2718 C.
153 2682 302 2719 Rabirio
325 2682 532 2719 Postumo“.
581 2683 903 2719 Ahhandl.der1.
928 2683 983 2718 Kl.
1008 2683 1071 2718 der
1103 2683 1145 2725 K.
1169 2683 1289 2727 bayer.
1315 2682 1428 2716 Akad.
1455 2683 1488 2716 d.
1514 2682 1568 2716 W.
1612 2682 1685 2716 VII.
1712 2681 1776 2716 Bd.

0 2733 64 2839 {u
76 2740 148 2785 m.
166 2740 250 2779 Abt.
272 2753 307 2788 p.
326 2741 395 2777 625
419 2753 503 2784 ann.
529 2742 579 2785 6‚:
606 2742 864 2796 „Merkwfirdig
887 2742 945 2786 ist,
971 2743 1050 2786 dass
1074 2743 1184 2787 selbst
1208 2741 1265 2785 die
1291 2740 1630 2842 Aufschriftldieser
1653 2741 1777 2777 Reden
