1878 3020
804 67 1092 111 „24-

200 220 205 222 .
241 191 389 232 Deinde
420 191 459 230 in
491 191 577 231 cod.
600 189 636 234 Pv
653 189 780 241 prima
811 201 931 228 manu
963 188 1131 237 ullius,
1166 189 1340 230 secunda
1369 200 1490 229 manu
1520 192 1557 228 et
1584 182 1736 230 incod.
1754 177 1872 243 Εῆὄξρ-

96 263 287 302 rullius
321 262 512 312 scriptum
543 265 624 308 est3
666 260 798 310 itaque
828 260 944 309 vulgo
984 260 1170 300 edebatur
1200 260 1395 301 Rullus.
1458 259 1555 308 Quis
1585 258 1700 299 fuerit
1728 259 1803 299 hic

96 333 299 381 Rullus,
338 333 386 372 de
416 332 491 371 hoc
521 332 753 381 interpretes
784 329 885 369 inter
916 342 959 369 se
988 329 1183 370 differunt.
1216 330 1415 371 Ferratius
1446 331 1602 382 quidem
1631 330 1676 372 P.
1708 329 1794 370 Ser-

96 404 232 443 vilium
262 403 434 450 Rullum,
469 402 534 452 qui
566 401 747 440 tribunus
780 400 905 451 plebis
937 400 1126 439 Cicerone
1161 401 1325 440 consule
1355 401 1482 450 legem
1512 401 1707 451 agrariam
1736 405 1794 440 tu·

98 475 219 522 lisset,
252 486 340 512 esse
370 472 532 523 putavit.
597 471 674 510 Sed
705 471 802 510 haec
834 470 968 522 opinio
1011 471 1120 510 nullo
1161 465 1280 510 'modo
1312 471 1515 522 probanda
1545 477 1628 520 est3
1667 484 1794 523 neque
1843 495 1845 499 ι
1874 459 1876 461 ’

97 545 201 583 enim
225 544 361 582 Cicero
392 543 512 582 istum
544 542 746 581 hominem
767 541 893 580 virum
925 541 1110 581 omnibus
1140 542 1259 580 rebus
1280 541 1547 582 clarissimum
1576 547 1694 594 atque
1714 555 1793 582 am-

96 614 321 665 plissimum
352 613 528 653 dixisset.
591 612 790 652 Manutius
823 617 955 651 autem
997 611 1253 660 existimavit,
1292 624 1381 651 esse
1418 624 1541 652 unum
1581 626 1630 652 ex
1670 612 1794 664 ponti·

95 685 232 723 ficibus
264 684 306 722 P.
342 683 549 722 Servilium
580 683 754 730 Rullum,
788 682 854 732 qui
886 682 927 721 in
959 695 1045 733 cap.
1078 682 1139 722 vl.
1172 683 1220 721 de
1250 682 1340 727 har.
1367 695 1470 733 resp.
1505 684 1790 723 nominaretur:

94 754 255 803 „Quae
287 759 432 793 tanta
462 753 651 804 religio
683 758 782 801 est,
816 766 910 804 qua
948 766 1043 792 non
1075 753 1123 792 in
1154 753 1341 792 nostris
1387 753 1792 794 dubitationibus

94 830 248 874 atque
288 824 337 862 in
377 824 612 863 maximis
661 823 1121 874 superstitionibus
1168 824 1320 862 unius
1359 824 1402 863 P.
1437 824 1616 864 Servili
1655 838 1709 864 ac
1739 824 1790 864 M.

93 894 297 934 Luculli
336 884 586 945 responso
633 907 687 934 ac
734 895 878 933 verbo
922 888 1240 934 liberemur?“
1285 899 1323 934 et
1363 895 1448 944 „At
1485 908 1596 935 vero
1636 909 1792 935 meam

92 966 288 1004 domum
319 965 362 1005 P.
396 966 650 1013 Lentulus,
684 966 860 1004 consul
893 970 936 1004 et
968 965 1213 1016 pontifex,
1246 965 1289 1006 P.
1324 965 1595 1014 Servilius,
1627 966 1677 1005 M.
1710 966 1792 1005 Lu-

96 1049 150 1075 cu
164 1037 233 1075 llu
247 1050 265 1075 s
303 1036 405 1078 cet.“
468 1036 542 1075 Hic
573 1036 615 1075 P.
650 1036 839 1075 Servilius
880 1032 1119 1087 Isauricus¹)
1151 1035 1267 1075 etiam
1305 1035 1344 1074 in
1377 1049 1409 1075 c.
1443 1037 1518 1076 LII.
1551 1036 1668 1076 huius
1709 1049 1792 1076 ora-

89 1106 207 1144 tionis
251 1110 597 1145 commemoratur.
659 1106 730 1145 An
771 1111 818 1144 tu
859 1106 1071 1145 auderes
1113 1117 1357 1155 quaerere
1403 1119 1459 1145 ex
1503 1107 1545 1146 P.
1573 1106 1791 1145 Servilio

90 1182 169 1215 aut
201 1190 257 1215 ex
288 1177 338 1215 M.
372 1177 606 1224 Luculle,
652 1190 861 1226 quorum
907 1189 996 1225 ego
1038 1176 1250 1216 consilio
1299 1182 1442 1227 atque
1482 1176 1793 1216 auctoritate

88 1246 456 1296 rempublicam
487 1246 671 1284 consul
703 1259 756 1285 ex
788 1246 975 1285 vestris
1007 1246 1237 1285 manibus
1269 1259 1321 1285 ac
1362 1246 1600 1285 faucibus
1632 1245 1791 1298 eripui

89 1322 161 1356 cet.
187 1322 224 1355 et
246 1317 363 1355 ades
391 1317 618 1364 Luculle,
644 1316 842 1365 Servili,
877 1318 984 1356 dum
1007 1317 1185 1356 dedico
1217 1317 1410 1356 domum
1433 1302 1696 1356 Ciceronis
1718 1322 1790 1356 cet.

88 1387 130 1426 In
162 1387 229 1427 lib.
264 1387 289 1427 1.
332 1400 418 1438 cap.
451 1387 522 1427 XX
565 1400 621 1428 or.
664 1387 704 1427 in
735 1387 842 1428 Verr.
884 1388 960 1428 vir
1000 1387 1317 1428 clarissimus
1361 1392 1399 1428 et
1438 1387 1789 1439 amplissimus

86 1457 228 1496 dicitur
259 1454 350 1509 (‚,P.
384 1458 585 1505 Servilius,
618 1458 676 1496 vir
706 1458 968 1507 clarissimus,
1002 1459 1187 1498 maximis
1229 1459 1347 1498 rebus
1380 1459 1500 1508 gestis
1533 1459 1664 1506 adest;
1704 1471 1790 1508 cog-

86 1528 239 1568 noscito
272 1541 319 1567 ex
352 1528 493 1568 litteris
526 1528 692 1579 publicis
733 1529 904 1568 hominis
943 1529 1180 1580 amplissimi
1217 1529 1504 1579 diligentiam“)
1541 1533 1579 1567 et
1617 1528 1789 1568 hominis

86 1598 325 1637 abstinentia
356 1599 550 1638 laudatur.
615 1598 728 1646 Quod
759 1599 956 1638 Ferratius
989 1604 1125 1639 contra
1155 1599 1317 1638 Manutii
1349 1599 1583 1639 sententiam
1614 1600 1787 1650 protulit,

84 1669 233 1707 nullius
265 1668 454 1708 momenti
486 1674 567 1717 est;
601 1682 842 1719 quamquam
872 1669 947 1708 hoc
979 1669 1271 1708 concedendum
1302 1674 1374 1717 est,
1407 1669 1455 1708 de
1485 1669 1529 1709 P.
1553 1669 1692 1708 Servili
1723 1669 1788 1708 tri-

86 1740 237 1780 bunatu
268 1739 365 1779 nihil
397 1745 587 1779 constare.
655 1739 756 1779 Cum
787 1745 918 1779 autem
950 1739 988 1778 in
1022 1752 1107 1790 cap.
1132 1740 1194 1779 LII
1226 1752 1281 1778 or.
1315 1740 1363 1778 de
1393 1740 1510 1779 domo
1542 1745 1579 1780 et
1612 1740 1652 1779 in
1683 1752 1716 1780 c.
1740 1739 1787 1778 VI

85 1816 182 1850 orat.
214 1812 262 1850 de
293 1811 377 1852 har.
412 1824 515 1861 resp.
541 1810 677 1849 Cicero
711 1810 913 1861 scripserit
944 1823 1023 1849 non
1044 1810 1235 1858 Rullus,
1271 1811 1340 1849 sed
1360 1810 1404 1852 P.
1429 1810 1676 1850 Servilius
1708 1824 1787 1849 ma·

86 1880 273 1920 nifestum
306 1886 377 1929 est,
412 1881 485 1920 hoc
518 1881 604 1920 loco
626 1894 757 1920 veram
790 1894 879 1920 esse
901 1881 1139 1932 scripturam
1161 1881 1204 1921 P.
1229 1880 1486 1920 Servilius.
1526 1881 1639 1921 Hanc
1661 1894 1787 1920 emen·

85 1952 285 1991 dationem
316 1953 392 2001 legi
414 1952 454 1990 in
477 1951 653 2001 margine
674 1951 775 1999 libri,
811 1965 928 2001 quem
949 1952 1131 1991 Halmius
1153 1951 1249 1990 mihi
1271 1964 1406 1991 mense
1428 1951 1534 2002 Sept.
1558 1951 1650 1990 anni
1674 1953 1784 1992 1879

84 2022 201 2061 dedit.
265 2022 437 2072 Langius
460 2022 515 2072 (p.
537 2023 609 2072 22)
643 2022 746 2060 idem
778 2021 955 2062 coniecit.
1020 2021 1096 2061 Sed
1118 2035 1196 2061 non
1229 2034 1274 2060 eo
1296 2022 1426 2070 modo,
1460 2035 1537 2072 quo
1558 2022 1600 2061 L.
1625 2021 1785 2073 putavit,

83 2105 229 2133 nomen
260 2093 300 2132 in
331 2094 492 2132 rullus
526 2092 726 2143 corrumpi
757 2092 904 2143 potuit;
937 2105 1064 2143 neque
1086 2092 1191 2132 enim
1225 2091 1477 2131 scribendum
1502 2097 1586 2131 erat
1606 2091 1786 2131 librario:

83 2163 455 2214 ipseservilius,
491 2163 581 2202 sed:
615 2163 755 2213 ipsep
769 2176 817 2202 se
831 2163 1017 2202 rvilius.

228 2257 342 2297 XVII.
366 2259 435 2298 43.
469 2261 634 2296 vetant
659 2256 748 2295 XII
779 2257 978 2296 tabulae
1009 2258 1150 2306 leges
1183 2256 1397 2307 privatis
1428 2256 1703 2296 hominibus
1734 2256 1786 2295 ir-

83 2327 266 2377 rogari

225 2421 339 2469 Quod
370 2421 408 2460 in
441 2421 610 2460 editione
626 2420 825 2461 Orelliana
847 2421 977 2472 priore
998 2421 1053 2470 (et
1075 2420 1179 2469 aliis)
1211 2421 1428 2471 legebatur:
1464 2419 1615 2471 privis
1646 2418 1785 2459 homi·

81 2465 200 2531 nib-u
212 2505 260 2540 ss
277 2492 451 2531 Klotzius
483 2492 524 2531 in
555 2491 724 2531 editione
755 2491 928 2543 (Lipsiae
959 2492 1089 2540 1872)
1120 2491 1301 2540 retinuit3
1333 2492 1402 2531 sed
1432 2495 1538 2531 recte
1569 2479 1784 2530 secundum

81 2563 193 2602 codd.
228 2562 421 2614 scriptum
450 2569 530 2604 est:
565 2562 791 2614 privatis
822 2562 1126 2604 hominibus.
1160 2562 1205 2605 V.
1227 2562 1275 2604 A.
1308 2563 1359 2601 du
1380 2560 1521 2602 Mesnil
1552 2561 1602 2601 ad
1623 2560 1703 2600 Cic.
1736 2561 1786 2601 de

80 2634 179 2684 legg.
213 2634 274 2683 111,
310 2636 380 2684 19,
412 2638 484 2677 44.
1608 2638 1613 2642 '
1641 2649 1661 2699 θ’

222 2804 252 2853 ¹)
279 2806 332 2844 Cf.
357 2805 557 2851 Drumann,
584 2805 642 2849 111,
671 2805 748 2850 133,
778 2805 865 2850 166;
891 2805 948 2852 lv,
975 2804 1057 2851 396,
1083 2804 1164 2844 397.
