1878 3020
0 696 19 751 ²1}
39 724 43 734 2
68 716 83 759 l.

792 100 845 108 ..
908 75 934 118 7
997 100 1047 106 .-

218 197 261 238 C.
282 197 358 245 Fr.
390 196 605 245 Hermann,
637 196 826 237 vindiciae
856 177 1060 237 latinitatis
1090 196 1346 247 epistolarum
1378 196 1427 235 ad
1458 195 1507 234 M.
1531 195 1697 234 Brutum
1728 199 1766 234 et

77 254 187 309 Bruti
218 268 268 309 ad
298 267 539 309 Ciceronem.
592 266 799 319 Gottingae
831 270 958 311 1844.
993 282 1028 320 p.
1064 271 1103 310 4.

218 339 262 381 C.
281 339 330 381 H.
353 338 579 386 Frotscher,
601 338 641 377 in
662 338 829 378 editione
849 339 949 378 vitae
963 338 1121 378 Davidis
1141 338 1363 377 Ruhnkenii
1378 351 1401 377 a
1418 337 1578 377 Daniele
1593 336 1767 387 Wytten-

76 410 216 451 bachio
248 409 406 460 scripta.
447 408 654 459 pribergae
687 411 811 452 1846·
845 423 883 460 P·
919 412 1015 451 131·

153 485 157 489 ”
217 479 475 529 Nagelsbach‚
507 480 573 519 lat.
608 479 785 519 Stilistik.
1525 536 1530 540 ,

218 550 263 591 G.
296 549 524 601 Lahmayer,
557 551 598 590 in
629 564 674 590 ea
704 551 978 602 disputatione,
1011 564 1089 602 qua
1122 549 1308 590 orationis
1340 550 1387 588 de
1414 548 1670 599 haruspicum
1709 561 1765 587 re·
1797 592 1801 595 ¹

0 603 47 645 '³³0
79 633 226 672 sponso
257 620 413 660 habitae
443 620 633 671 originem
665 620 890 661 Tullianam
919 622 1101 663 defendit.
1136 616 1297 673 (1850).

221 691 263 732 C.
296 692 426 740 Halm,
460 693 500 731 in
531 692 698 731 editione
729 692 934 732 Turicensi
965 707 1000 735 a.
1037 696 1162 740 1856,
1195 692 1268 730 vol.
1301 691 1343 738 II,
1379 694 1402 731 2
1437 704 1473 740 p.
1507 691 1568 729 IX.

221 773 270 813 H.
293 773 478 823 Wagner,
510 773 561 815 M.
586 773 691 813 Tulli
713 757 912 814 Ciceronis
944 775 1067 814 oratio
1089 778 1179 825 post
1199 773 1367 812 reditum
1388 772 1428 812 in
1450 777 1599 812 senatu.
1641 774 1767 814 1857.

221 855 323 896 Guil.
347 856 387 895 S.
411 856 572 904 Teuffel,
606 855 838 895 Geschichte
868 857 937 895 der
967 856 1187 895 romischen
1208 855 1415 895 Literatur.
1451 856 1575 894 1875.
1609 867 1646 904 p.
1671 856 1768 894 320.

222 937 490 977 Mommsenus
521 937 638 977 variis
669 938 766 977 locis
797 938 886 977 libri
907 937 973 988 qui
1003 937 1227 977 inscribitur
1258 938 1305 976 de
1335 937 1418 976 iure
1450 936 1605 987 publico
1637 936 1772 987 populi

47 1055 50 1057 Α
85 1005 261 1046 Romani.

222 1078 327 1117 Iwan
342 1077 503 1117 Mueller
519 1078 578 1118 in:
602 1078 776 1118 Jahresb.
800 1078 982 1127 herausg.
1004 1091 1079 1117 von
1096 1078 1138 1117 C.
1156 1078 1325 1117 Bursian
1343 1078 1586 1125 1874—75,
1611 1091 1649 1128 p.
1670 1079 1768 1119 689.

226 1160 322 1199 Guil.
346 1160 569 1208 Hoffmann,
603 1161 650 1199 de
681 1160 755 1199 fide
786 1165 824 1199 et
854 1160 1083 1199 auctoritate
1113 1140 1621 1207 orationis⁵Ciceronianae‚
1672 1172 1771 1210 quae

85 1228 306 1269 inscribitur
336 1231 383 1269 de
413 1230 669 1281 haruspicum
699 1243 904 1281 responso,
967 1231 1083 1279 Burg.
1139 1233 1264 1272 1878.

226 1310 471 1363 Quamquam
502 1316 631 1351 autem
652 1324 839 1351 numerus
861 1324 1008 1360 eorum,
1043 1311 1108 1362 qui
1136 1311 1224 1351 illas
1246 1312 1440 1351 orationes
1464 1311 1662 1351 Ciceronis
1684 1324 1771 1351 esse

85 1382 320 1431 existimant,
353 1383 432 1422 iam
462 1383 587 1422 maior
618 1389 688 1432 est,
722 1388 852 1422 tamen
882 1383 986 1422 haud
1008 1396 1339 1433 supervacaneam
1370 1396 1529 1434 operam
1560 1383 1656 1421 mihi
1688 1396 1771 1421 sus-

85 1457 268 1504 cepturus
283 1466 369 1493 esse
384 1453 552 1512 videbar,
577 1454 621 1503 si,
646 1467 736 1493 cum
751 1453 923 1504 reliquae
943 1458 1021 1492 tres
1044 1454 1239 1493 orationes
1259 1454 1519 1505 peculiaribus
1536 1454 1770 1493 editionibus

85 1536 131 1562 ac
162 1525 552 1563 commentationibus
584 1525 723 1563 iterum
754 1537 800 1563 ac
832 1524 988 1574 saepius
1019 1525 1201 1563 defensae
1233 1525 1322 1571 sint,
1369 1537 1439 1574 ego
1473 1526 1521 1563 ad
1553 1524 1771 1563 orationem

85 1594 133 1633 de
153 1594 267 1633 domo
289 1594 338 1634 M.
363 1594 492 1634 Tullio
513 1594 786 1634 vindicandam
807 1595 1043 1643 accederem,
1077 1594 1187 1634 cuius
1219 1595 1425 1634 duodecim
1455 1599 1609 1634 tantum
1641 1593 1770 1645 capita

85 1679 109 1703 a
130 1665 301 1704 Savelsio
323 1678 411 1704 esse
431 1667 590 1704 defensa
612 1679 731 1715 supra
751 1666 1116 1704 demonstravimus.
1148 1665 1319 1713 Accedit,
1344 1667 1447 1716 quod
1468 1678 1593 1715 nuper
1615 1677 1770 1714 quoque

84 1734 285 1778 Eduardus
317 1736 557 1775 Luebbertus
567 1733 596 1785 1)
637 1732 1003 1788 (commentationes
1044 1736 1291 1786 syntacticae.
1329 1736 1525 1775 Particula
1556 1736 1582 1775 I.
1631 1735 1771 1775 Gissae

88 1805 230 1853 1871.)
247 1807 374 1845 denuo
395 1808 443 1846 de
463 1808 537 1846 hac
558 1807 733 1846 oratione
755 1808 1021 1858 suspicionem
1042 1807 1161 1846 movit
1183 1812 1220 1846 et
1242 1807 1284 1845 C.
1309 1807 1350 1845 L.
1374 1806 1521 1856 Kayser
1542 1806 1581 1844 in
1603 1805 1771 1843 editione

84 1876 134 1917 M.
156 1877 202 1917 T.
226 1877 269 1917 C.
292 1890 456 1929 operum
478 1878 568 1927 (vol.
592 1878 651 1920 IV.
676 1892 713 1930 p.
737 1878 803 1927 IX)
824 1878 913 1919 illas
935 1878 1130 1919 orationes
1152 1891 1219 1918 eas
1242 1890 1329 1917 esse
1350 1877 1544 1925 iudicavit,
1568 1876 1607 1915 in
1629 1875 1771 1927 quibus

86 1948 215 1987 omnia
244 1949 477 1998 magistrum
512 1950 740 1997 redolerent,
785 1950 852 2000 qui
891 1950 1167 1999 antiquitatum
1208 1954 1244 1987 et
1284 1948 1470 1986 historiae
1510 1947 1772 1996 cognitionem

87 2018 292 2058 verborum
328 2020 526 2070 quandam
569 2019 724 2071 copiam
766 2025 803 2059 et
833 2020 1114 2060 volubilitatem
1154 2019 1228 2058 sibi
1268 2019 1586 2070 comparavisset,
1628 2017 1774 2068 ingenii

87 2089 166 2127 vim
196 2094 232 2128 et
262 2090 512 2138 celeritatem,
545 2090 675 2129 decori
707 2103 878 2138 sensum,
917 2090 1049 2129 iudicii
1080 2103 1256 2138 acumen,
1289 2087 1443 2129 dicendi
1474 2089 1705 2128 suavitatem
1736 2092 1774 2126 et

88 2158 272 2209 leporem,
314 2174 414 2211 quae
443 2166 584 2200 natura
614 2161 648 2200 ei
679 2166 871 2210 negasset,
913 2161 1076 2212 adipisci
1108 2161 1256 2200 scilicet
1285 2174 1364 2200 non
1395 2156 1641 2211 potuisset.2)
1688 2159 1775 2206 Qua

88 2229 127 2268 in
148 2242 190 2269 re
210 2243 297 2270 eam
316 2230 508 2270 rationem
528 2230 624 2270 mihi
643 2226 922 2271 instituendam
944 2244 1031 2271 esse
1052 2231 1245 2279 existimo,
1278 2235 1320 2270 ut
1346 2230 1518 2282 primum
1538 2228 1773 2269 testimoniis

88 2305 258 2339 veterum
279 2301 408 2341 allatis
430 2301 657 2341 Ciceronem
678 2303 725 2341 de
745 2303 861 2341 domo
884 2315 956 2341 sua
975 2304 1093 2341 verba
1113 2302 1253 2341 fecisse
1273 2303 1537 2340 demonstrem
1567 2306 1603 2339 et
1626 2300 1773 2348 multis,

18 2382 21 2384 ·
51 2382 57 2386 ·
89 2370 155 2423 qui
184 2370 224 2410 in
254 2376 428 2411 veterum
459 2372 706 2424 scriptorum,
747 2373 959 2421 rhetorum,
1005 2373 1354 2422 grammaticorum
1384 2372 1631 2411 inveniuntur
1661 2371 1773 2419 locis,

89 2441 138 2482 ab
157 2440 207 2481 iis
228 2454 317 2481 eam
339 2442 569 2492 orationem,
603 2456 702 2494 quae
723 2444 772 2483 ad
802 2456 875 2483 nos
907 2443 1080 2494 pervenit
1111 2448 1149 2482 et
1178 2443 1292 2483 hodie
1312 2444 1353 2483 in
1383 2443 1561 2482 omnium
1591 2443 1774 2482 manibus

229 2565 257 2613 1)
280 2579 316 2614 p.
342 2567 382 2604 5:
416 2566 540 2604 insunt
564 2569 603 2605 in
627 2569 697 2605 hac
721 2569 882 2605 oratione
899 2568 984 2610 >loci
1012 2568 1186 2612 nonnulli,
1212 2569 1251 2604 in
1275 2570 1405 2615 quibus
1429 2569 1600 2608 Wolfium
1625 2579 1777 2605 acumen

93 2637 198 2663 suum
231 2637 306 2662 non
339 2626 476 2670 fefellit,
508 2628 571 2673 qui
602 2629 653 2663 ita
685 2629 764 2674 ipso
797 2628 938 2663 dicendi
972 2638 1099 2672 genere
1132 2639 1154 2662 a
1178 2628 1359 2664 Ciceronis
1392 2640 1492 2664 more
1522 2629 1701 2672 differunt,
1739 2631 1779 2663 ut

0 2708 41 2721 ..
90 2685 379 2753 interpolationis
403 2686 579 2730 gravioris
605 2688 754 2733 vestigia
776 2688 876 2723 haud
900 2688 1006 2723 dubie
1029 2688 1186 2732 prodant
1212 2692 1246 2723 et
1271 2700 1369 2733 seqq.

0 2765 35 2803 'a
59 2788 92 2806 .„

0 2805 18 2828 Q
34 2809 37 2813 ,

9 2870 39 2895 ᾖ

19 2994 43 3020 μζ,
33 2982 35 2984 .

229 2765 260 2813 ¹¹)
286 2767 512 2805 Grotenfeltii
529 2768 609 2805 Car.
620 2769 741 2806 Herm.
752 2770 896 2806 Ossiani
912 2769 1070 2805 libellum
1089 2771 1133 2805 de
1150 2771 1324 2812 oratione,
1343 2781 1452 2816 quam
1470 2770 1593 2806 Cicero
1611 2770 1655 2806 de
1672 2770 1779 2805 domo

0 2825 155 2892 [alma
170 2827 246 2866 hab
273 2828 280 2836 '
325 2827 463 2866 inventi
512 2838 532 2865 e
547 2831 583 2865 et
598 2827 831 2876 dispositione
851 2828 1125 2875 (Helingforsiae
1144 2828 1250 2875 1879)
1275 2828 1365 2864 mihi
1381 2829 1557 2875 inspicere
1574 2839 1650 2864 non
1670 2828 1781 2866 licuit.
