1878 3020
453 15 460 25 ι
525 24 538 32 ⁴
549 0 1098 30 mers‘⁴51·<⁶?.2Y{2“3⁶⁹?{73.“‘²*,5*³³·²2.s.5'*'¹'²''³i⁸3³-TW²‘=”'³5”
1115 0 1191 22 ‘'if-*s*
1210 4 1216 10 ’
1227 0 1237 22 ’ῗ
1250 0 1265 20 j

762 88 815 123 -·..
878 51 1049 136 31⁴.-

0 202 22 220 ”
59 213 217 254 diuum
247 214 485 260 homines,
519 212 732 252 omniurn
763 213 966 263 denique
997 216 1218 252 aetatum.
1281 211 1484 251 Ernestius
1525 210 1750 260 suspicatus

19 279 22 282 ⁴
60 291 164 336 erat3
196 286 413 328 homines
447 283 519 341 pro*
549 296 593 325 eo
626 284 727 335 quod
760 283 913 323 codices
946 283 1140 332 exhibent,
1175 296 1334 323 omnes
1367 282 1616 322 scribendum
1649 293 1748 322 esse.

199 368 368 409 XXXIII.
384 369 451 408 90.
475 366 550 405 Pro
572 370 804 405 venerunt
825 376 915 404 cum
931 365 1111 405 Ernestio
1130 366 1380 405 scribendum
1397 370 1476 404 est:
1499 370 1749 412 venerant;

59 453 184 491 neque
214 440 319 479 enim
350 438 485 479 Cicero
517 437 742 490 scripsisset
773 437 1054 487 censebant,
1101 438 1205 489 quod
1236 436 1447 486 antecedit,
1493 435 1525 475 si
1563 435 1747 476 dixisset:

58 523 141 552 ven
152 514 299 551 erunt.

199 593 367 633 XXXIV.
393 595 460 635 91.
494 592 590 631 Hoc
622 605 705 642 ego
737 594 930 643 populo,
974 592 1013 631 si
1045 598 1142 633 tum
1175 593 1403 632 consules
1436 597 1515 631 aut
1546 591 1750 631 fuissent

57 664 103 703 in
134 665 381 715 republica
412 668 491 703 aut.
521 663 711 702 omnino
743 677 835 702 non
866 664 1096 712 fuissent,
1138 664 1271 703 nullo
1301 664 1476 703 labore
1507 669 1585 701 tuo
1625 675 1750 713 prae-

56 734 195 784 cipiti
227 735 375 774 furori
396 734 706 773 restitissem.
739 734 954 783 Madvigius
977 735 1079 773 hanc
1102 735 1338 784 scripturam
1359 747 1522 785 prorsus
1544 733 1749 772 ridiculam

55 809 93 843 et
124 818 242 844 sensu
261 804 433 844 ‘cassam
463 817 551 843 esse
583 804 609 843 l.
631 804 657 845 l.
692 817 729 854 p.
756 808 838 845 222
870 792 988 851 dixin
1031 818 1156 854 neque
1197 804 1301 843 enim
1333 804 1561 844 Ciceronem
1593 817 1747 853 negare,

55 877 240 914 consules
272 880 356 914 tum
378 876 500 913 fuisse
531 875 569 913 in
592 874 804 924 republica,
839 875 1024 924 quoniam
1055 875 1140 924 ipse
1161 876 1280 925 priori
1304 876 1478 914 membro
1511 875 1749 913 contrarium

56 951 238 995 poneret:
273 946 306 984 si
338 946 497 984 omnino
530 959 608 984 non
641 945 818 984 fuissent.
883 945 960 984 Sed
991 951 1165 996 apparet,
1200 946 1280 985 Cic.
1315 946 1391 984 hoc
1431 947 1518 985 loco
1560 946 1749 985 vocabulo

54 1017 285 1055 consules
317 1016 471 1063 ludere3
513 1029 605 1054 nam
636 1028 727 1054 cum
757 1015 797 1054 in
829 1016 950 1055 altero
981 1017 1159 1055 membro
1197 1017 1419 1055 consules
1451 1016 1599 1066 vulgari
1632 1014 1748 1065 signi·

31 1087 233 1125 'ficatione
263 1092 497 1137 usurpatum
529 1087 590 1134 sit,
624 1087 662 1125 in
685 1087 813 1136 priore
845 1088 1021 1126 membro
1044 1089 1330 1137 etymologiam,
1365 1098 1464 1137 quae
1496 1088 1651 1137 quidem
1673 1087 1747 1125 Ro-

54 1157 181 1197 manis
212 1162 305 1197 nota
335 1154 517 1206 fuerit,¹)
551 1157 729 1197 vocabuli
761 1158 986 1197 consule's
1027 1164 1177 1209 spectat
1208 1158 1318 1208 eique
1349 1158 1451 1198 hanc
1481 1157 1560 1196 vim
1593 1157 1745 1204 subicit,

53 1240 130 1278 qua
162 1240 230 1266 eos
263 1228 474 1278 significat,
522 1229 587 1279 qui
629 1228 776 1267 civibus
819 1230 1023 1268 consulere
1060 1230 1224 1277 debent3
1266 1229 1354 1268 illos
1394 1229 1576 1268 consules
1617 1233 1749 1267 autem

54 1298 201 1348 patriae
222 1311 299 1337 non
322 1299 570 1338 consuluisse
592 1312 718 1349 neque
739 1300 920 1337 custodes
943 1304 1010 1338 aut
1031 1305 1325 1339 conservatores
1355 1299 1591 1349 reipublicae
1613 1299 1746 1345 fuisse,

54 1369 121 1407 sed
153 1369 347 1417 latrones,
394 1370 628 1419 praedones,
673 1369 820 1416 hostes,
854 1369 1091 1419 proditores,
1134 1375 1321 1419 tyrannos
1354 1370 1410 1415 (in
1432 1370 1511 1409 Pis.
1545 1383 1579 1410 c.
1602 1369 1675 1416 X);
1709 1368 1746 1407 in

51 1440 185 1488 parad.
220 1439 267 1477 1V
299 1453 452 1489 quoque
484 1440 620 1478 Cicero
653 1445 784 1488 negat,
827 1445 911 1478 tum
942 1440 982 1478 in
1013 1441 1214 1490 republica
1251 1441 1373 1479 fuisse
1411 1441 1611 1486 consules,
1655 1452 1746 1477 cum

53 1508 176 1548 dicat:
209 1509 370 1560 ltaque
402 1511 569 1561 pulsus
602 1523 684 1560 ego
717 1510 916 1550 civitate
946 1524 1037 1550 non
1069 1524 1181 1559 sum,
1216 1524 1336 1562 quae
1367 1512 1500 1550 nulla
1522 1516 1643 1550 erat:
1678 1522 1744 1549 ac-

53 1580 262 1619 cersitus
294 1581 339 1619 in
371 1580 614 1620 civitatem
645 1594 757 1629 sum,
791 1594 893 1620 cum
925 1587 1055 1621 esset
1086 1582 1131 1621 in
1162 1583 1417 1633 republica
1448 1583 1629 1630 consul,
1664 1582 1741 1633 qui

53 1656 148 1689 tum
180 1652 343 1690 nullus
375 1652 532 1690 fuerat
563 1656 645 1699 cet3
669 1652 717 1690 cf.
748 1652 788 1691 in
819 1652 896 1691 Pis.
931 1666 964 1692 c.
997 1654 1044 1700 X,
1077 1654 1140 1700 XI,
1174 1654 1262 1700 X11;
1295 1654 1333 1692 in
1355 1653 1441 1694 Vat.
1465 1654 1598 1701 c.V11,
1633 1653 1743 1692 scho-

52 1719 133 1760 lion
164 1722 213 1761 ad
245 1721 345 1761 Sest.
380 1734 412 1761 c.
446 1722 522 1761 VII.
585 1723 718 1773 Itaque
748 1722 844 1761 nihil
876 1727 935 1762 est
966 1725 1209 1763 mutandum.

195 1804 308 1851 Quod
339 1810 469 1843 autem
490 1805 705 1854 Madvigius
737 1805 984 1854 existimavit,
1020 1807 1269 1845 scribendum
1300 1821 1407 1846 esse:
1443 1807 1481 1844 si
1514 1812 1610 1844 tum
1641 1819 1744 1844 con-

53 1875 184 1913 sules
216 1879 296 1914 aut
327 1874 582 1914 fuissent-e
615 1875 868 1926 republica
899 1880 980 1915 aut
1012 1876 1203 1915 omnino
1245 1889 1334 1916 non
1368 1877 1592 1923 fuissent,
1635 1876 1746 1914 valde

51 1945 196 1992 dubito,
229 1959 280 1984 an
309 1946 383 1984 hoc
413 1946 489 1987 dici
521 1946 670 1995 possit3
703 1960 796 1985 nam
828 1946 1116 1986 substantivum
1149 1952 1215 1985 aut
1247 1960 1461 1996 pronomen
1493 1948 1621 1993 deest,
1667 1959 1742 1995 quo

53 2016 168 2053 verba
199 2028 219 2054 e
251 2016 501 2066 republica
532 2016 716 2055 nitantur.
761 2017 809 2055 cf.
832 2016 879 2056 A.
902 2018 954 2055 du
985 2017 1124 2055 Mesnil
1157 2018 1206 2055 ad
1239 2017 1318 2058 Cic.
1352 2018 1399 2055 de
1431 2017 1530 2066 legg.
1564 2017 1594 2054 II
1625 2017 1743 2062 §663

52 2084 118 2131 l§
144 2088 180 2132 1,
213 2086 261 2123 III
292 2087 410 2134 §143
442 2086 550 2125 Fam.
574 2087 623 2125 IX
658 2089 724 2134 21,
759 2089 810 2134 33
843 2087 941 2126 Phil.
967 2088 1005 2134 8,
1032 2089 1097 2127 13.

193 2167 361 2207 XXXIV.
387 2169 454 2219 91„
513 2168 609 2207 Sed
649 2168 887 2218 publicam
926 2182 1121 2208 causam
1163 2175 1338 2208 contra
1378 2169 1467 2208 vim
1510 2174 1740 2207 armatam

51 2237 156 2276 sine
188 2236 355 2288 populi
388 2238 638 2289 praesidio
672 2239 925 2293 suscipere
955 2240 1115 2278 nolui:
1150 2239 1398 2278 Manifestum
1420 2245 1480 2277 est
1510 2239 1605 2277 haec
1627 2240 1743 2278 verba

20 2308 367 2348 -antecedentihus
411 2310 501 2357 (hoc
541 2322 611 2359 ego
650 2310 793 2359 populo
842 2331 887 2336 —-
931 2309 1181 2357 restitissem)
1230 2322 1448 2360 repugnare
1489 2323 1614 2359 neque
1660 2310 1739 2348 ulla

193 2420 220 2466 ¹)
244 2422 289 2458 cf.
315 2423 358 2458 de
384 2426 473 2459 orat.
498 2423 529 2458 H
554 2423 610 2466 39,
639 2422 725 2458 165:
751 2423 781 2458 si
806 2423 929 2458 consul
954 2426 1017 2465 est,
1053 2422 1113 2468 qui
1146 2423 1299 2458 consulit
1324 2421 1460 2468 patriae
1469 2437 1477 2465 ;
1511 2423 1554 2458 de
1579 2423 1669 2467 legg.
1695 2422 1742 2457 III

50 2481 82 2521 3,
109 2481 148 2515 8:
175 2481 272 2525 regio
297 2480 446 2526 imperio
472 2483 544 2516 duo
569 2485 686 2524 sunto,
713 2482 808 2527 iique
833 2483 1048 2527 praeeundo,
1075 2482 1277 2524 iudicando,
1304 2482 1522 2516 consulendo
1547 2485 1740 2526 praetores,

50 2538 195 2581 iudices,
221 2540 385 2575 consules
409 2535 652 2584 appellamini.

190 2597 304 2632 Varro
329 2598 372 2633 de
397 2598 472 2634 vita
496 2610 530 2643 p.
556 2600 599 2634 R.
630 2599 738 2644 (apud
763 2599 919 2635 Nonium
943 2611 976 2634 v.
1003 2599 1190 2634 consulum
1215 2611 1249 2644 p.
1276 2598 1321 2633 23
1346 2597 1485 2642 Mero.):
1525 2599 1621 2643 quod
1647 2598 1741 2634 idem

46 2655 262 2701 ,dicebantur
287 2656 452 2692 consules
477 2661 512 2692 et
536 2660 730 2703 praetores,
757 2659 855 2703 quod
880 2658 1062 2704 praeirent
1086 2658 1230 2703 populo,
1257 2660 1451 2702 praetores,
1490 2658 1587 2702 quod
1613 2668 1741 2701 consu-

9 2758 11 2760 ·
35 2715 163 2767 *lerent
193 2715 335 2752 senatui
365 2712 539 2752 consules.
589 2713 643 2752 Cf.
669 2716 777 2753 Orelli
815 2717 862 2752 ad
885 2717 1025 2753 Horatii
1069 2728 1177 2752 carm.
1203 2717 1253 2759 II,
1282 2715 1312 2759 1,
1340 2715 1395 2752 14.
1445 2716 1541 2751 Haec
1565 2717 1741 2752 Romanis

40 2773 128 2810 'visa
150 2778 256 2819 sunt;
281 2778 318 2811 at
341 2786 440 2811 nunc
463 2775 502 2810 in
525 2776 690 2811 confesso
714 2780 780 2818 oet,
806 2776 1014 2820 „consules“
1044 2788 1088 2812 ex
1104 2776 1307 2812 orchestica
1331 2779 1408 2811 arte
1434 2786 1512 2811 esse
1534 2777 1741 2823 repetitum.

18 2826 23 2877 Q
46 2824 91 2883 ᾖν,
110 2831 311 2872 Mommsen
331 2837 426 2871 rom.
451 2834 690 2878 Staatsrecht3
715 2834 757 2878 11,
785 2834 816 2877 1,
841 2846 876 2883 p.
904 2835 959 2872 74.
