1878 3020
93 177 197 218 quae
216 168 310 205 sunt
331 165 687 218 obtemperatio
719 166 923 223 legibuffi
956 166 1162 207 traditio
1193 167 1349 218 alteri,
1382 167 1579 221 eruptio
1599 167 1780 213 Mutina
1843 189 1878 228 .--'-

92 237 281 278 reditus
312 238 580 278 Brundisio,
644 238 792 279 Contra
822 238 927 278 hunc
958 238 1128 279 Wolfius
1159 240 1459 291 demonstravit,
1500 241 1569 281 illa
1611 223 1878 302 exempla-‘fh'

94 307 144 347 ad
176 307 282 348 hunc
313 309 444 348 locum
476 322 555 348 non
586 309 780 360 pertinere
823 321 949 360 neque
980 308 1020 348 in
1052 309 1182 349 soluta
1224 311 1400 351 oratione
1430 313 1591 352 verbum
1621 311 1794 358 bellandi

94 383 162 417 aut
193 381 392 430 pugnandi
423 393 515 419 cum
534 369 674 420 'dativo
707 380 894 419 construi.
956 379 1050 419 Mihi
1082 393 1208 431 neque
1233 381 1396 421 Gesneri
1426 383 1637 433 explicatio
1668 388 1797 435 neque
1817 409 1878 415 ⁷-

94 447 365 500 Wesenbergii
396 450 622 491 coniectura
665 455 773 491 recta
803 450 973 498 videtur,
1019 450 1087 490 sed
1119 463 1210 489 cum
1243 450 1417 491 Savelsio
1450 452 1506 492 sic
1536 453 1792 505 interpretor:
1824 452 1826 454 ’

95 519 183 570 quis
215 521 362 560 bellum
393 522 543 561 homini
574 522 690 570 dedit,
740 535 831 561 cum
862 526 997 571 gentes
1030 521 1309 572 pacatissimae
1341 527 1486 564 essent.
1534 525 1583 563 cf.
1616 525 1664 564 de
1694 529 1791 565 orat.
1824 562 1826 565 ,

94 590 138 639 II,
174 593 228 639 1;
259 592 302 640 ΙΙ,
338 595 419 641 23;
452 593 512 641 ΙΙΙ,
548 595 629 641 31;
662 593 702 633 in
733 593 840 632 Verr.
875 593 917 641 ΙΙ,
954 594 977 632 3
1011 605 1045 634 c.
1072 594 1137 633 52.

234 663 381 702 Deinde
413 665 525 703 codd.
547 664 718 703 habent:
753 677 806 703 ex
838 664 879 703 vi
912 663 1143 703 Caesaris
1175 664 1320 703 rebus
1352 663 1496 703 actis.
1540 664 1582 703 [n
1603 664 1665 704 his
1686 661 1796 705 nulla

93 737 154 772 est
175 733 378 774 sententia.
412 734 628 785 Madvigius
659 735 698 774 h.
723 735 747 774 1.
782 733 1009 774 coniectura
1039 734 1231 786 palmaria
1263 733 1425 782 sanavit,
1459 747 1550 774 cum
1582 735 1792 776 scriberet:

94 809 309 854 ereptam
340 818 394 844 ex
426 805 702 844 visceribus
735 805 934 845 aerarii.
999 802 1244 852 Savelsius¹)
1291 805 1370 843 iam
1416 818 1529 844 verae
1573 806 1792 857 scripturae

93 867 500 927 appropinquaverat;
533 890 625 917 nam
658 881 762 916 recte
794 876 1019 927 suspicatus
1051 880 1158 924 erat,
1205 875 1301 916 illud
1332 888 1388 916 ex
1422 875 1486 925 vi,
1534 877 1638 928 quod
1680 878 1792 918 codd.
1826 872 1828 874 ’

92 946 292 995 haberent,
326 952 456 986 ortum
488 961 577 987 esse
609 962 680 988 ex:
715 962 767 987 ex
800 948 1098 994 visceribus;
1133 948 1201 987 sed
1233 947 1377 986 mirum
1408 947 1447 986 in
1470 949 1630 987 modum
1663 949 1794 988 locum
1868 979 1870 981 ,

93 1030 140 1056 ex
172 1017 253 1058 Pis,
286 1030 320 1057 c.
346 1020 399 1059 12
432 1018 713 1070 interpolatum
744 1031 832 1059 esse
864 1018 1024 1069 putavit.

234 1088 281 1127 X.
307 1092 375 1129 25.
409 1088 752 1139 civitatemque
774 1089 984 1127 fractam
1006 1088 1163 1135 malis,
1198 1092 1370 1127 mutam
1392 1101 1445 1127 ac
1466 1089 1792 1138 debilitatam,

93 1157 339 1198 abiectam
372 1164 505 1198 metu
537 1160 594 1198 ad
625 1158 838 1209 aliquam
873 1171 1005 1208 spem
1026 1157 1272 1196 libertatis
1304 1162 1347 1196 et
1369 1157 1613 1208 pristinae
1643 1159 1794 1209 digni·

93 1228 212 1267 tatis
244 1229 408 1267 erexit.
444 1228 609 1267 Codices
641 1229 809 1267 habent:
844 1232 1090 1267 mutatam.
1123 1228 1252 1266 Locus
1284 1228 1380 1266 mihi
1411 1233 1609 1267 correctus
1642 1230 1791 1269 videtur

93 1311 188 1338 cura
219 1299 262 1341 F.
286 1299 349 1339 W.
384 1298 603 1347 Schmidtii‚
636 1298 703 1350 qui
733 1298 774 1338 in
805 1299 936 1338 annal.
971 1298 1106 1349 philol.
1142 1297 1287 1346 (1874,
1322 1312 1358 1350 p.
1385 1298 1485 1346 741)
1518 1312 1566 1339 ex
1588 1300 1686 1340 Phil.
1711 1287 1792 1349 XII,

95 1373 133 1417 3,
169 1371 191 1409 ‘7
233 1374 270 1408 et
302 1370 351 1408 ad
382 1370 474 1408 fam.
508 1370 588 1416 XV,
624 1371 698 1416 15,
736 1371 756 1409 1
793 1368 1021 1419 proposuit:
1070 1369 1389 1407 imminutam.
1450 1370 1624 1419 Langius
1656 1371 1711 1421 (p.
1747 1367 1791 1423 8)

95 1444 334 1479 mutatam
365 1452 417 1479 ac
439 1439 753 1479 debilitatam
774 1443 975 1489 tamquam
998 1438 1345 1490 interpretamenta
1362 1439 1659 1491 participiorum
1680 1441 1795 1480 frac-

96 1516 198 1549 tam
236 1516 274 1549 et
311 1511 555 1549 abiectam
588 1524 608 1548 e
645 1514 753 1548 textu
791 1510 927 1548 tollere
970 1510 1115 1557 voluit;
1162 1523 1255 1548 nam
1298 1522 1389 1548 cum
1421 1510 1557 1549 Cicero
1602 1511 1796 1563 civitatem

94 1580 301 1620 fractam
332 1580 496 1628 malis,
530 1579 773 1619 abiectam
803 1584 933 1618 metu
964 1579 1140 1627 dixisset,
1174 1593 1275 1627 eum,
1310 1580 1343 1618 si
1365 1580 1523 1620 tertium
1544 1581 1701 1632 aliquod
1732 1582 1797 1620 ad-

94 1651 185 1690 dere
206 1651 406 1698 voluisset,
442 1650 649 1701 participio
672 1663 762 1688 cum
794 1649 1027 1688 substantivi
1059 1650 1226 1688 ablativo
1250 1650 1456 1689 coniuncto
1478 1664 1643 1690 usurum
1661 1651 1794 1690 fuisse.

96 1721 173 1761 Sed
204 1735 331 1773 neque
362 1720 430 1760 illa
461 1721 629 1760 varietas
661 1720 966 1760 constructionis
998 1720 1210 1759 iniucunda
1241 1726 1301 1759 est
1331 1734 1456 1772 neque
1486 1722 1677 1761 vocabula
1708 1735 1798 1761 mu-

97 1797 242 1833 tatam
274 1805 326 1832 ac
358 1792 667 1832 debilitatam
698 1792 1044 1842 interpretamenta
1082 1791 1377 1842 participiorum
1418 1793 1627 1832 fractam
1657 1798 1695 1833 et
1725 1794 1797 1832 ab·

97 1864 274 1903 iectam
306 1864 523 1903 existimari
556 1869 734 1914 possunt.

237 1934 283 1973 X.
320 1937 387 1975 27.
423 1934 523 1981 Qua
555 1934 739 1984 quidem
771 1933 819 1972 in
852 1933 1098 1972 sententia
1130 1932 1168 1971 si
1201 1933 1279 1972 Cn.
1313 1934 1536 1984 Pompeii
1580 1933 1798 1983 dignitas

96 2009 234 2043 aucta
265 2010 338 2043 est
370 2005 629 2044 coniuncta
661 2017 768 2042 cum
800 2003 1024 2042 utilitate
1055 2004 1309 2051 communi,
1357 2009 1492 2042 certe
1522 2004 1796 2042 laudandus

95 2087 254 2113 essem
278 2108 286 2116 .
313 2108 322 2116 .
348 2106 356 2113 .
382 2106 390 2113 .
425 2075 544 2113 Nulla
574 2075 676 2112 inest
707 2073 747 2111 in
778 2073 816 2112 h.
851 2074 876 2114 l.
911 2073 1115 2112 sententia.
1170 2073 1429 2113 Scribendum
1461 2079 1538 2113 est:
1574 2074 1673 2121 Qua
1705 2073 1799 2124 qui-

94 2147 202 2185 dem
235 2145 492 2185 sententia
525 2145 563 2184 si
596 2145 672 2184 Cn.
706 2143 919 2196 Pompeii
950 2144 1164 2193 dignitas
1209 2149 1353 2184 aucta
1396 2150 1531 2184 esset
1574 2158 1667 2183 non
1698 2157 1799 2183 con-

237 2259 268 2304 l)
295 2260 330 2295 in
358 2261 551 2295 comment.
578 2270 612 2303 p.
642 2258 704 2293 18:
735 2258 808 2301 „Ex
833 2258 970 2302 aliquot
996 2258 1099 2293 codd.
1128 2259 1305 2302 scriptura
1339 2258 1470 2303 aliquis
1495 2260 1685 2303 legendum
1721 2269 1799 2292 esse

95 2319 276 2354 coniiciat:
304 2322 509 2363 ereptam
547 2328 599 2352 ex
634 2316 893 2351 visceribus
930 2317 1062 2361 reip„
1100 2317 1170 2351 nisi
1207 2319 1286 2351 tum
1323 2318 1549 2352 abundarent
1580 2318 1710 2352 verba:
1753 2317 1797 2351 ad

94 2378 266 2412 emendos
291 2387 396 2421 agros
422 2377 668 2411 constitutam.
717 2375 808 2409 Nam
833 2375 894 2409 illa
918 2375 1101 2409 simillimo
1127 2375 1206 2409 loeo
1231 2378 1384 2417 exstant,
1410 2375 1448 2409 in
1473 2375 1543 2410 Pis.
1569 2385 1600 2410 c.
1627 2374 1702 2410 12.“

235 2437 273 2470 in
298 2436 429 2480 disput.
455 2447 490 2479 p.
515 2435 580 2469 32:
608 2434 749 2479 „Verba
778 2434 1046 2477 ereptamvi
1078 2445 1130 2468 ex
1163 2433 1378 2468 Caesaris
1409 2434 1541 2468 rebus
1573 2434 1692 2469 actis
1725 2444 1800 2468 non

95 2494 211 2529 solum
237 2494 451 2539 perturbant
476 2492 678 2528 sententiae
705 2490 997 2532 concinnitatem,
1026 2492 1088 2526 sed
1113 2490 1288 2526 incertam
1305 2491 1412 2526 etiam
1439 2491 1739 2537 significationem
1764 2494 1800 2525 et
1829 2540 1831 2543 Υ
1861 2525 1875 2539 Ἦ

95 2563 243 2589 sensum
269 2553 463 2589 obscurum
488 2552 638 2589 habent.
687 2551 916 2596 Quapropter
942 2550 1045 2586 uncis
1070 2561 1112 2585 ea
1129 2550 1363 2593 inclusimus3
1389 2553 1496 2595 atque
1522 2551 1591 2586 hoc
1607 2561 1650 2585 eo
1674 2549 1805 2594 magis,⁷
1820 2589 1843 2602 y«

97 2612 194 2656 quod
222 2612 360 2646 fontem
378 2610 669 2656 interpolationis
686 2609 885 2654 repperisse
903 2610 1009 2644 nobis
1027 2609 1224 2650 videamur,
1250 2608 1288 2643 in
1306 2609 1377 2643 Pis.
1397 2620 1426 2644 c.
1446 2608 1501 2643 12.
1527 2608 1627 2651 Quae
1644 2607 1801 2652 primum

97 2669 133 2705 in
158 2670 320 2714 margine
345 2669 538 2714 adscripta,
576 2668 706 2704 deinde
732 2670 903 2713 corrupta
927 2670 964 2702 et
987 2667 1154 2704 mutilata
1177 2666 1212 2702 in
1241 2669 1376 2702 textum
1394 2668 1548 2712 ,recepta
1573 2677 1650 2702 esse
1683 2664 1800 2709 suspi-
1825 2674 1875 2718 ¹5¹5}

97 2740 234 2765 camur.
284 2729 374 2764 Nam
399 2727 545 2773 plurimi
562 2727 704 2762 codices
728 2738 795 2772 pro
821 2727 862 2761 vi
887 2738 938 2762 ex
958 2727 1080 2764 Caes.
1106 2727 1259 2763 habent:
1286 2737 1336 2762 ex
1355 2726 1400 2762 vi
1417 2724 1631 2763 Caesaris
1655 2723 1801 2772 rehu?

102 2787 127 2823 i.
151 2798 182 2823 e.
209 2798 258 2824 ex
282 2786 573 2823 visceribus.“
1830 2782 1878 2799 '²
