1878 3020
0 189 27 251 ἶ
75 212 212 270 multa,
244 225 344 266 quae
365 211 592 254 Marklando
624 215 661 254 et
679 210 825 252 Wolfio
855 211 1026 251 notanda
1057 211 1294 260 videbantur,
1328 211 1532 263 profligata
1562 213 1654 248 sunt
1672 220 1763 250 vera

0 275 15 282 ‘⁵
74 284 240 326 lectione
269 285 462 325 restituta.
525 285 730 325 Praeterea
762 283 830 324 viri
860 283 963 324 docti
980 295 1006 331 ,·
1034 283 1205 323 maxime
1235 283 1415 323 Halmius
1458 288 1495 323 et
1532 282 1760 332 Madvigius,

0 369 15 383 ⁸
38 394 42 398 ,
74 356 272 408 praeclare
319 355 366 394 de
397 353 584 395 orationis
627 353 896 394 emendatione
939 353 1066 393 meriti
1112 358 1215 396 sunt.
1279 353 1511 405 Nuperrime
1541 353 1761 392 Ludovicus

15 468 17 471 ,
74 426 216 476 Lange,
226 423 256 473 ¹)
287 425 344 464 vir
376 425 565 475 egregius,
599 424 640 464 in
660 421 868 476 'spicilegio
900 424 1034 464 critico
1066 425 1255 475 plurimos
1286 425 1403 464 huius
1434 424 1620 464 orationis
1652 425 1763 473 locos

73 496 262 538 tractavit.
325 495 512 536 Nostrum
542 495 658 547 igitur
688 500 759 545 est,
792 500 943 536 textum
973 508 1175 536 recensere
1211 500 1248 535 et
1287 508 1352 535 eos
1394 496 1502 535 locos
1533 508 1762 536 enumerare

73 567 114 608 in
145 580 311 618 quorum
351 567 546 618 scriptura
592 580 615 606 a
645 567 787 607 Baiteri
833 571 941 606 textu
987 566 1137 615 (Turici
1171 567 1299 614 1855)
1342 567 1600 605 recedendum
1646 567 1759 605 nobis

74 638 233 677 videtur.
297 637 382 685 Qua
413 638 452 676 in
483 651 524 676 re
555 638 659 687 quod
689 650 788 677 novo
821 637 995 676 subsidio
1026 638 1081 677 uti
1113 637 1208 676 mihi
1240 637 1347 685 licet,
1381 638 1491 676 valde
1522 638 1655 685 laetor,
1689 637 1760 677 Ca->

73 708 180 747 rolus
213 707 317 747 enim
337 708 531 756 Halmius,
565 707 750 757 magister
780 720 892 746 meus
913 707 1154 757 carissimus,
1188 712 1296 747 tanta
1317 712 1400 746 erat
1430 720 1522 757 erga
1553 720 1616 746 me
1647 708 1759 747 bene·

73 778 250 826 volentia,
282 783 325 817 ut
356 779 450 816 mihi
478 791 594 816 suum
624 779 740 816 huius
772 782 869 817 orat.
898 779 1119 828 exemplum
1151 779 1271 825 daret,
1306 778 1345 816 in
1374 778 1485 817 cuius
1518 778 1757 826 marginibus

73 849 217 889 multas
249 848 538 889 emendationes
554 848 778 899 adscriptas
810 848 949 888 inveni.
1013 848 1162 897 Quibus
1185 848 1356 889 auctoris
1389 847 1546 887 nomine
1576 847 1757 897 religiose

74 920 296 969 subscripto
327 932 423 958 usus
456 932 557 960 sum.

211 989 238 1029 I.
265 991 301 1031 1.
325 988 441 1029 Cum
462 989 615 1029 multa
635 988 895 1038 divinitus,
921 988 1202 1040 pontifices,
1226 1003 1250 1028 a
1270 988 1543 1028 maioribus
1565 988 1757 1028 nostris

72 1060 267 1099 inventa
299 1064 443 1110 atque
474 1060 707 1098 instituta
748 1065 877 1106 sunt,
919 1065 1018 1098 tum
1057 1060 1187 1098 nihil
1228 1060 1569 1109 praeclarius,
1614 1073 1755 1109 quarn

73 1130 196 1181 quod
227 1130 421 1169 eosdem
453 1135 496 1171 et
518 1129 838 1180 religionibus
860 1130 1054 1169 deorum
1084 1121 1441 1169 immortalium
1466 1134 1508 1168 et
1538 1142 1757 1169 summae

71 1200 384 1250 reipublicae
417 1213 643 1250 praeesse
673 1201 959 1247 voluerunt,
992 1206 1043 1239 ut
1074 1200 1372 1250 amplissimi
1405 1205 1448 1238 et
1478 1200 1758 1239 clarissimi

72 1270 201 1310 cives
232 1270 592 1320 rempublicam
622 1271 746 1309 bene
778 1271 988 1320 gerendo
1019 1271 1313 1320 religiones,
1356 1270 1650 1320 religionum
1680 1270 1758 1309 ius

72 1341 323 1392 sapienter
352 1341 482 1380 inter
495 1342 726 1391 pretando
758 1340 1118 1392 rempublicam
1149 1353 1237 1380 con
1250 1345 1514 1380 servarent.
1578 1340 1756 1380 Baiterus

74 1417 111 1451 et
143 1412 336 1461 Kayserus
367 1425 414 1450 ex
445 1412 591 1451 Halmii
623 1412 845 1451 coniectura
876 1412 1097 1451 ediderunt:
1131 1412 1218 1451 reli
1231 1412 1273 1461 gi
1283 1425 1339 1451 on
1350 1425 1375 1451 u
1386 1425 1426 1451 m
1457 1411 1501 1451 iu
1514 1425 1532 1450 s
1565 1424 1635 1462 pro
1657 1412 1758 1451 codi-

71 1494 178 1521 cum:
220 1481 561 1532 religionibus,
624 1482 793 1532 Langius
825 1483 849 1521 1.
881 1483 906 1521 l.
941 1496 978 1533 p.
1002 1484 1053 1524 15
1088 1482 1218 1533 potius
1251 1482 1551 1532 religionibu
1565 1495 1583 1520 s
1616 1483 1757 1521 inter·

75 1566 152 1602 pre
164 1558 177 1592 t
188 1567 241 1592 an
253 1553 331 1592 dis
378 1554 608 1593 mutandum
649 1567 736 1593 esse
781 1554 943 1593 censuit.
1007 1553 1178 1596 Minime.
1239 1554 1332 1593 Mihi
1381 1554 1537 1604 quidem
1582 1567 1659 1593 non
1697 1559 1757 1593 est

71 1624 244 1672 dubium,
279 1624 370 1675 quin
402 1624 578 1674 religio
590 1637 650 1664 nu
662 1638 702 1664 m
734 1624 781 1664 iu
794 1638 812 1664 s
845 1625 967 1664 multo
989 1624 1141 1664 facilius
1173 1624 1213 1664 in
1244 1625 1313 1679 rel
1330 1624 1461 1675 igion
1474 1624 1520 1664 ib
1531 1637 1583 1664 us
1615 1624 1757 1665 mutari

71 1694 238 1744 potuerit
269 1707 386 1744 quam
417 1694 818 1745 interpretandis
850 1696 890 1734 in
921 1696 1234 1746 interpretari
1248 1697 1316 1736 do.

144 1785 147 1787 ’
210 1775 238 1817 I.
274 1777 311 1816 1.
345 1776 530 1823 Quodsi
562 1778 661 1816 ullo
692 1783 910 1828 tempore
941 1790 1119 1827 magna
1156 1791 1308 1817 causa
1347 1777 1392 1817 in
1434 1778 1757 1817 sacerdotum

71 1845 243 1895 populi
273 1846 485 1886 Romani
516 1847 706 1887 iudicio
738 1860 793 1887 ac
824 1852 1073 1899 potestate
1103 1853 1297 1888 versata
1328 1853 1416 1889 est.

210 1927 297 1967 Non
318 1929 464 1977 dubim,
498 1930 592 1980 quin
612 1930 815 1969 verissime
837 1930 1039 1982 scripserit
1060 1930 1231 1979 Langius
1264 1931 1321 1981 (p.
1347 1929 1439 1978 12):
1474 1943 1616 1980 magna
1637 1943 1757 1970 causa

69 1999 317 2038 sacerdotum
348 1999 482 2050 populi
513 2000 680 2041 Romani
712 2000 757 2040 in
788 2000 961 2042 iudicio.
987 2031 995 2040 .
1021 2032 1029 2040 .
1054 2031 1064 2041 .
1097 2001 1138 2039 In
1160 2000 1359 2040 codicibus
1390 2001 1439 2040 in
1459 2001 1652 2041 omissum
1683 2005 1754 2041 est.

68 2068 245 2108 Baiterus
277 2070 323 2109 in
355 2076 445 2121 post
477 2084 630 2111 causa
662 2071 891 2113 inseruerat.

208 2145 298 2188 1.2.
333 2146 419 2186 Sin
452 2153 605 2188 autem
627 2179 635 2187 .
661 2179 669 2188 .
696 2182 704 2190 .
811 2148 1170 2187 rescinduntur.
1206 2147 1325 2187 Codd.
1349 2147 1526 2186 PGMV
1550 2148 1753 2198 praebent

67 2215 221 2255 rescind
232 2229 257 2255 u
267 2222 372 2257 ntur.
436 2200 691 2258 Scribendum
732 2224 811 2258 est:
853 2232 900 2258 re
912 2233 930 2258 s
942 2232 962 2257 c
973 2220 1020 2258 in
1029 2221 1053 2258 d
1062 2232 1083 2258 e
1092 2225 1217 2260 ntur.
1281 2219 1478 2266 (Halmius
1510 2219 1549 2257 in
1581 2218 1755 2268 margine

67 2285 172 2326 libri:
206 2287 557 2329 rescindantur
589 2294 655 2330 aut
685 2289 1068 2338 rescindentur.)
1130 2290 1213 2329 Iam
1239 2289 1440 2329 Ernestius
1473 2294 1751 2340 proposuerat:

66 2357 437 2407 rescindantur;
470 2361 707 2410 respondere
737 2360 842 2400 enim
873 2361 1118 2399 coniunctivo
1151 2360 1426 2399 defenderit
1457 2360 1495 2398 in
1528 2360 1754 2399 anteceden-

66 2427 182 2467 tibus.
246 2428 323 2468 Sed
354 2430 636 2471 defenderit
666 2431 732 2470 illo
765 2432 850 2471 loco
883 2436 942 2471 est
973 2432 1145 2470 futurum
1177 2435 1370 2470 exactum.

206 2509 249 2549 11.
274 2512 313 2551 3.
346 2511 518 2560 Langius
551 2525 588 2562 p.
614 2516 637 2553 5
671 2512 814 2552 Baiteri
845 2513 1050 2552 lectionem
1082 2511 1252 2561 specie
1282 2511 1395 2561 ipsa
1426 2516 1472 2549 et
1503 2511 1754 2561 dignitate

65 2580 412 2631 rempublicam
444 2595 467 2620 a
487 2582 658 2631 Kaysero
681 2588 855 2633 spretam
885 2596 972 2622 esse
994 2587 1154 2633 questus
1185 2587 1256 2621 est.
1320 2581 1396 2621 Sed
1417 2581 1512 2621 mihi
1536 2582 1755 2622 rectissime

4 2682 7 2687 ,
65 2650 109 2691 Κ.
142 2651 340 2702 vulgatam
370 2651 574 2692 lectionem
608 2654 778 2705 specie
807 2653 917 2705 ipsa
956 2651 1245 2703 dignitatem
1290 2651 1601 2703 reipublicae
1644 2652 1754 2692 resti-

207 2775 235 2822 l)
259 2777 463 2814 Ludovicus
480 2778 649 2823 Langius,
675 2780 899 2825 spicilegium
917 2779 1080 2815 criticum
1096 2778 1135 2814 in
1153 2778 1333 2815 Ciceronis
1350 2778 1552 2814 orationem
1576 2779 1620 2814 de
1633 2779 1752 2814 domo.

0 2834 4 2869 i
64 2835 217 2884 Lipsiae.
266 2837 402 2874 Prodiit
426 2848 546 2873 mense
563 2839 662 2880 Nov.,
690 2840 780 2875 haec
805 2836 1058 2875 commentatio
1082 2839 1155 2874 iam
1180 2839 1342 2875 confecta
1369 2841 1445 2873 erat
1458 2849 1579 2873 mense
1593 2837 1753 2882 Quintili.
1792 2874 1805 2883 ‚
