1878 3020
798 19 1159 103 „4443

92 193 130 230 p.
155 178 246 227 27):
281 192 400 227 „cum
420 179 632 230 Pompeius
662 179 780 229 gener
802 179 998 229 Scipionis
1025 183 1062 217 et
1084 178 1130 218 T.
1153 178 1352 218 Manutius
1379 177 1559 217 tribunus
1581 178 1633 229 pl.
1656 154 1832 230 referris?

92 250 141 290 ad
174 254 356 289 senatum
387 250 435 288 de
463 249 637 300 patriciis
659 249 932 297 convocandis,
966 248 1032 299 qui
1054 248 1287 298 interregem
1308 249 1527 300 proderent,
1559 261 1638 288 non
1659 253 1846 295 essent

92 320 243 370 passi“,
267 320 343 358 hoc
365 325 542 371 apparet,
566 320 751 370 patricios
774 325 812 358 et
832 323 1014 357 senatum
1034 331 1115 356 non
1136 319 1258 357 fuisse
1279 320 1452 360 eosdem.
1498 319 1639 357 Utrum
1659 312 1792 361 autem

92 391 166 430 soli
197 390 224 429 ii
257 390 423 441 patricii,
458 389 524 440 qui
557 395 757 429 senatores
791 393 913 436 erant,
957 388 1195 436 (Mommsen
1219 401 1310 427 cum
1331 389 1381 430 al.
1399 389 1508 437 locis,
1541 393 1644 428 tum:
1677 388 1793 428 romi·
1824 395 1878 439 λίς

96 460 213 499 sches
247 460 504 507 Staatsrecht,
538 460 566 500 I.
589 460 659 498 Bd.
694 463 731 499 2.
756 458 857 497 Auss.
883 471 919 509 p.
943 457 1044 505 634)
1076 471 1127 496 an
1158 462 1290 507 patres
1322 458 1491 498 familias
1523 459 1696 508 gentium
1726 471 1792 510 pa·
1852 445 1878 456 -„

92 530 295 570 triciarum
328 531 441 579 (haec
463 534 522 569 est
545 529 736 568 sententia
758 528 912 579 Langii)
945 527 1119 576 coierint,
1151 528 1201 567 ad
1222 528 1503 578 quaestionem,
1537 542 1654 580 quam
1685 514 1793 569 ἱηέίί-

93 602 257 649 tuimus,
282 600 379 639 nihil
405 601 576 638 interest.
623 599 818 647 Quoniam
841 603 972 637 autem
998 598 1074 637 hoc
1095 599 1405 637 demonstratum
1428 604 1499 648 est,
1523 600 1645 639 altera
1659 599 1793 639 Wolffi

92 672 313 712 criminatio
334 671 558 722 repellenda
579 674 650 710 est.
715 670 829 710 Clare
850 669 982 709 Livius
1003 674 1186 717 testatur,
1220 669 1338 709 etiam
1366 682 1438 709 sua
1459 675 1585 709 aetate
1606 670 1791 721 patricios

93 748 272 781 auctores
304 743 427 780 factos
460 754 559 788 esse,
593 741 620 788 Ι,
644 753 677 779 c.
704 743 782 781 17:
816 741 1068 779 decreverant
1099 740 1215 787 enim,
1247 744 1302 787 ut,
1336 752 1427 778 cum
1459 741 1628 791 populus
1659 753 1791 791 regem

92 813 287 860 iussisset,
321 812 359 850 id
382 811 438 850 sic
460 816 590 849 ratum
611 816 728 858 esset,
752 810 786 849 si
809 815 939 860 patres
968 815 1148 849 auctores
1170 810 1334 849 fuerint:
1368 810 1559 859 hodieque
1579 810 1619 848 in
1640 811 1791 859 legibus

93 881 466 931 magistratibusque
501 879 687 930 rogandis
725 884 941 931 usurpatur
984 879 1087 919 idem
1128 880 1189 918 ius
1221 879 1255 918 vi
1294 880 1487 930 adempta.
1551 880 1686 931 Neque
1715 880 1791 920 hoe

92 952 298 991 offensioni
331 964 419 990 esse
450 951 576 998 debet,
611 950 713 1001 quod
742 950 911 1000 scriptor
938 950 1036 989 haec
1063 950 1197 989 omnia
1222 950 1320 989 tanti
1342 950 1513 1000 putavit3
1547 964 1666 1000 parva
1687 951 1791 990 enim

92 1035 180 1061 esse
218 1021 328 1062 haec.
393 1021 469 1060 Sed
499 1020 669 1060 Romani
712 1020 808 1059 ista
850 1034 999 1071 parva
1039 1020 1136 1069 (Liv.
1159 1020 1219 1068 VI,
1254 1019 1327 1068 41)
1368 1033 1448 1059 non
1491 1022 1792 1061 contemnebant

92 1106 218 1143 neque
240 1092 389 1139 Cicero,
425 1091 490 1141 qui
517 1090 615 1130 haec
646 1090 745 1130 inter
772 1091 858 1130 iura
889 1091 1144 1142 patriciorum
1176 1091 1506 1139 commemoravit,
1541 1092 1792 1131 excusatione

93 1168 190 1212 eget,
224 1163 316 1213 quia
346 1161 515 1200 Romani
546 1165 595 1200 ne
626 1161 720 1211 quid
750 1162 798 1200 de
828 1162 945 1200 rebus
977 1175 1000 1200 a
1032 1160 1245 1200 maioribus
1286 1160 1475 1200 institutis
1506 1155 1790 1210 immutaretur,

93 1233 208 1274 anxie
240 1233 507 1284 providebant.

234 1337 382 1376 Deinde
412 1336 581 1376 Wolfius
614 1337 741 1387 arguit
772 1338 912 1377 verba:
947 1337 1202 1388 auspiciaque
1232 1338 1368 1389 populi
1399 1337 1579 1386 Romani,
1613 1337 1646 1376 si
1674 1338 1794 1387 magi·

94 1413 242 1446 stratus
275 1406 429 1457 patricii
451 1407 571 1445 creati
601 1420 680 1446 non
703 1407 793 1454 sint,
826 1407 1019 1446 intereant
1039 1420 1201 1446 necesse
1223 1412 1294 1455 est,
1329 1420 1450 1457 quum
1471 1407 1640 1446 interrex
1661 1408 1793 1446 nullus
1829 1434 1835 1442 s

94 1478 157 1526 sit,
192 1478 296 1528 quod
327 1482 364 1516 et
395 1477 530 1528 ipsum
561 1477 772 1528 patricium
804 1490 904 1526 esse,
938 1483 976 1517 et
1008 1492 1031 1518 a
1062 1477 1236 1529 patriciis
1269 1477 1380 1528 prodi
1411 1490 1573 1516 necesse
1604 1482 1675 1517 est.
1717 1477 1793 1516 Sed

92 1548 262 1587 Wolfius
300 1548 369 1587 illa
408 1548 526 1586 verba
565 1560 645 1586 non
685 1548 812 1596 magis
849 1548 1039 1586 intellexit
1079 1561 1198 1597 quam
1239 1547 1458 1594 Ferratius;
1498 1547 1561 1585 hic
1593 1552 1651 1594 ut,
1695 1560 1794 1598 quae

93 1619 151 1657 vis
182 1619 331 1659 inesset
361 1618 401 1657 in
432 1617 634 1657 enuntiato
668 1617 730 1666 „si
761 1618 1016 1668 magistratus
1049 1618 1202 1669 patricii
1233 1618 1353 1657 creati
1383 1631 1462 1657 non
1485 1618 1603 1666 sint“,
1636 1631 1716 1657 non
1738 1618 1793 1657 in—

803 1688 854 1705 ..u

94 1759 248 1810 patricii
280 1758 306 1798 ii
341 1763 444 1807 sunt,
479 1758 545 1810 qui
578 1771 601 1797 a
631 1758 739 1797 nullo
771 1758 850 1799 nisi
870 1772 893 1798 a
914 1758 1080 1809 patricio
1112 1758 1192 1808 geri
1214 1758 1379 1809 possint,
1414 1760 1482 1799 sed
1508 1759 1624 1798 iidem
1647 1772 1693 1798 ac
1715 1772 1793 1798 ma·

91 1830 279 1879 gistratus
312 1830 491 1877 curules;
536 1829 585 1871 cf.
618 1829 851 1877 Mommsen,
895 1829 1118 1885 romisches
1152 1829 1397 1869 Staatsrecht
1427 1830 1442 1868 1
1475 1844 1513 1880 p.
1539 1832 1591 1871 18
1626 1830 1716 1871 edit.
1739 1830 1790 1870 11:

91 1901 165 1941 wie
195 1901 299 1941 denn
331 1901 432 1940 auch
454 1901 525 1940 das
547 1900 744 1940 romische
766 1900 1009 1940 Staatsrecht
1037 1901 1076 1941 in
1098 1901 1246 1940 diesem
1270 1900 1389 1940 Sinne
1410 1901 1472 1940 die
1492 1901 1792 1951 Magistraturen

91 1971 241 2010 einteilt
271 1971 311 2009 in
339 1971 594 2020 magistratus
623 1970 789 2021 patricii,
824 1972 861 2012 d.
884 1971 923 2010 h.
946 1970 1078 2009 nicht
1109 1964 1199 2010 dem
1237 1971 1500 2022 patricischen
1532 1971 1678 2012 Stande
1711 1984 1792 2010 vor-

92 2042 298 2095 behaltene
313 2033 462 2090 Rmter,
487 2042 580 2080 aber
593 2033 730 2080 Rmter
745 2042 813 2080 der
828 2041 1041 2092 patricisch
1057 2038 1323 2092 plebejischen
1337 2042 1559 2082 Gemeinde.
1584 2043 1790 2084 cf.ann.2.
1815 2033 1818 2035 v

92 2111 375 2151 Weissenborn
393 2112 442 2151 ad
459 2111 539 2151 Liv.
557 2111 618 2151 IV.
637 2124 671 2153 c.
688 2114 743 2152 43
765 2113 787 2159 ἓ
808 2114 882 2153 10;
905 2113 973 2151 der
994 2111 1120 2151 Name
1142 2112 1346 2163 (patricius
1369 2112 1638 2163 magistratus)
1659 2113 1794 2170 wurde

92 2183 194 2222 auch
215 2182 476 2230 beibehalten,
506 2183 565 2221 als
589 2182 714 2221 schon
734 2183 910 2233 Plebejer
931 2183 1073 2222 Zutritt
1093 2196 1139 2222 zu
1167 2184 1243 2222 den
1263 2175 1428 2222 Amtern
1449 2183 1624 2222 erhalten
1644 2183 1792 2231 hatten,

92 2266 137 2292 so
168 2252 254 2292 dass
286 2253 355 2292 der
385 2252 595 2292 Ausdruck
625 2252 735 2292 nicht
764 2253 994 2293 wesentlich
1024 2253 1276 2294 verschieden
1308 2253 1360 2293 ist
1389 2266 1466 2293 von
1487 2254 1643 2293 curules
1675 2253 1794 2304 magi·

93 2329 254 2365 stratus
288 2324 375 2362 Hoc
397 2328 530 2362 autem
560 2323 654 2363 dicit
676 2323 833 2363 Cicero:
868 2324 910 2362 Si
941 2323 1137 2371 acciderit,
1171 2330 1214 2363 ut
1241 2324 1439 2363 consulari
1462 2329 1655 2374 potestate
1675 2323 1795 2374 magi-

92 2398 252 2442 stratus,
276 2393 343 2445 qui
365 2393 544 2445 auspicia
564 2393 722 2442 habent,
733 2390 763 2441 ¹)
785 2406 865 2433 non
887 2393 977 2442 sint,
1007 2393 1074 2442 (cf.
1089 2394 1310 2434 Mommsen
1331 2395 1356 2434 l.
1375 2395 1401 2433 1.
1424 2394 1439 2433 1
1462 2392 1563 2442 629)
1586 2398 1624 2433 et
1638 2394 1688 2433 ob
1705 2406 1794 2434 eam

235 2554 264 2601 ¹)
291 2555 504 2599 Mommsen,
530 2556 553 2592 l.
579 2554 602 2592 l.
627 2554 721 2592 186:
756 2555 814 2592 die
839 2554 1012 2601 Auspicia
1027 2555 1173 2602 publica
1196 2555 1366 2593 kommen
1390 2556 1461 2592 den
1477 2555 1708 2602 Magistraten
1733 2565 1775 2591 zu
1782 2568 1792 2598 ς

91 2614 117 2659 1,
136 2613 198 2652 88:
234 2614 337 2651 indes
360 2615 559 2651 erforderte
590 2615 681 2651 eben
704 2615 802 2651 diese
826 2616 1067 2662 Consequenz,
1094 2615 1185 2659 dass,
1210 2616 1264 2651 als
1288 2616 1363 2651 und
1387 2615 1515 2652 soweit
1539 2615 1596 2651 die
1621 2614 1797 2667 Plebejer,¹

91 2685 134 2710 zu
151 2673 349 2711 denselben
373 2674 582 2720 zugelassen
597 2685 731 2718 waren,
757 2674 938 2710 zwischen
962 2675 1033 2711 den
1051 2674 1248 2721 Auspicien
1272 2675 1335 2710 der
1352 2675 1528 2711 Beamten
1551 2666 1808 2724 patriciselicnl,

91 2734 167 2769 und
191 2734 255 2769 der
270 2734 446 2781 Bemten
470 2733 714 2779 plebeiischen
738 2733 892 2770 Standes
917 2733 1001 2769 kein
1023 2732 1262 2770 Unterschied
1288 2733 1412 2770 weiter
1436 2733 1640 2775 stattfinde3
1665 2729 1705 2768 in
1726 2729 1792 2785 der

91 2792 189 2830 That
213 2792 261 2830 ist
285 2793 363 2839 dies
387 2785 483 2829 auch
508 2792 661 2829 niemals
685 2792 902 2839 geschehen.
1755 2788 1760 2789 ⁷
