1878 3020
60 254 169 302 verr.
202 267 277 302 act.
309 261 375 302 lib.
408 260 469 300 111.
501 259 607 299 XLI:
640 259 748 298 inviti
778 259 884 298 enim
913 259 1084 298 Romam
1113 271 1280 309 raroque
1311 259 1525 306 decedunt3
1559 259 1624 298 lib.
1659 258 1689 297 11
1720 271 1753 298 c.

40 332 219 387 XXVII:
252 333 422 372 Romam
452 330 638 370 decedere
668 343 822 369 mecum
852 330 1093 380 cupiverunt.

26 399 29 401 ’
200 403 300 443 ΧΧΙ.
326 405 393 443 54.
426 401 515 440 Non
535 406 680 440 temere
701 401 740 440 id
762 400 859 440 mihi
879 400 1049 440 Wolfius
1070 401 1198 440 dicere
1219 401 1380 449 videtur,
1413 406 1615 451 praestare
1636 400 1753 440 deleri

0 458 20 505 ³2³
61 474 174 524 signa
204 472 518 521 interrogationis
551 477 640 522 post
671 472 831 510 verbum
863 472 1070 522 parabas
1102 476 1138 509 et
1169 471 1329 521 reliqua.

200 548 300 587 XXI.
326 550 392 588 55.
426 542 535 582 Tibi
573 555 683 581 suos
726 547 948 593 speratos
988 541 1308 583 centuriones.
1364 542 1464 589 Quid
1503 542 1600 581 haec
1639 543 1754 581 verba

59 619 135 660 sibi
155 618 284 666 velint,
307 630 370 656 me
391 629 472 655 non
491 614 716 663 intellegere
736 613 870 653 fateor.
916 613 1100 652 Fortasse
1123 613 1331 662 legendum
1353 618 1429 651 est:
1464 626 1629 652 servos
1652 626 1754 652 con-

60 690 244 729 citatos
277 693 344 727 aut
374 695 542 737 operas
575 685 847 723 conductas.

139 795 146 805 ,
199 759 314 799 XXII.
340 761 405 799 56.
440 757 504 796 Sic
526 755 880 805 interpungendum
901 759 980 793 est:
1015 754 1149 804 quid?
1171 753 1258 792 illa
1280 759 1346 792 tot
1369 752 1576 794 virorum
1598 756 1753 794 fortis-

59 830 287 875 simorum
324 828 473 875 milia,
516 825 649 876 quid?
690 824 844 864 nostri
882 824 1069 875 equites
1101 823 1317 871 Romani,
1358 823 1493 873 quid?
1536 831 1752 873 senatus,

60 882 195 952 q.uid?
226 899 427 949 denique
458 909 617 936 omnes
649 895 777 943 boni,
812 895 851 934 si
881 896 1014 934 nulla
1045 899 1143 933 erat
1174 895 1259 941 vis,
1293 907 1374 932 cur
1404 907 1474 933 me
1505 896 1692 935 flentes.

199 970 315 1009 XXII.
334 972 400 1010 57.
424 968 524 1007 Vera
540 966 636 1006 mihi
650 967 799 1005 videtur
813 965 1014 1005 Garatonii
1030 965 1243 1016 scriptura:
1268 965 1523 1004 Iudicium?
1546 965 1590 1004 in
1608 979 1753 1006 causa

56 1045 153 1080 tam
183 1039 315 1091 turpi
348 1038 556 1078 scilicet:
590 1051 646 1077 an
677 1037 716 1075 is
748 1036 902 1084 homo,
949 1035 1028 1087 qui
1059 1049 1176 1084 eam,
1213 1035 1252 1074 si
1284 1035 1373 1074 iam
1405 1041 1542 1075 esset
1573 1037 1754 1086 ignota,

58 1111 261 1150 dicendo
292 1123 382 1149 non
414 1122 603 1160 possem
634 1107 907 1158 explicare?
950 1108 993 1146 In
1023 1106 1202 1155 Madvigii
1244 1112 1374 1145 autem
1406 1108 1644 1156 coniectura,
1678 1122 1756 1159 qua

59 1182 160 1221 hanc
193 1181 314 1220 fuisse
346 1185 456 1231 putat
486 1178 673 1218 orationis
704 1179 892 1217 formam:
939 1177 1198 1216 Iudicium?
1240 1177 1284 1215 in
1317 1189 1464 1216 causa
1501 1183 1595 1216 tam
1626 1179 1755 1229 turpi

59 1248 275 1298 scilicet,
314 1250 352 1289 is
385 1249 576 1289 scilicet
605 1249 758 1295 homo,
793 1248 905 1298 qui.
930 1279 938 1287 .
965 1281 973 1289 .
1006 1248 1173 1286 alterum
1203 1246 1298 1284 illud
1331 1246 1523 1286 scilicet
1555 1249 1645 1287 ferri
1677 1262 1755 1288 non

61 1334 178 1372 posse
198 1321 339 1360 iudico.
373 1320 414 1359 In
436 1319 576 1366 verbis,
611 1332 711 1368 quae
729 1318 914 1368 deinceps
937 1322 1166 1367 sequuntur,
1200 1317 1256 1354 sic
1287 1316 1641 1367 interpungendum
1675 1326 1752 1358 est:

59 1391 121 1430 An
143 1391 235 1441 quia
256 1403 418 1429 causam
441 1390 606 1440 probare
633 1401 711 1427 non
734 1391 939 1438 poteram?
971 1387 1083 1426 cuius
1105 1391 1214 1426 tanta
1234 1386 1389 1426 bonitas
1412 1393 1485 1435 est,
1519 1394 1561 1427 ut
1593 1402 1638 1428 ea
1669 1389 1756 1440 ipsa

59 1474 139 1501 non
169 1460 285 1500 modo
318 1474 372 1509 se,
407 1461 474 1500 sed
505 1459 624 1499 etiam
658 1471 719 1497 me
749 1459 952 1497 absentem
984 1471 1052 1509 per
1085 1471 1126 1497 se
1159 1457 1343 1508 probarit.
1375 1458 1458 1506 (H.)
1490 1458 1531 1497 In
1563 1459 1754 1509 proximis

59 1531 186 1572 verbis
208 1531 436 1581 Madvigius,
460 1543 549 1569 cum
570 1529 696 1569 verbis
719 1542 767 1568 se
789 1529 991 1580 probare
1011 1534 1049 1568 et
1071 1542 1152 1580 per
1174 1541 1222 1567 se
1239 1542 1262 1579 p
1276 1529 1443 1568 robare
1466 1529 1601 1569 Cicero
1623 1531 1755 1570 ludere

59 1601 263 1651 videretur,
287 1602 530 1641 absentem
551 1600 590 1640 in
612 1601 807 1639 absente
828 1599 1002 1641 mutavit.
1035 1599 1086 1638 At
1104 1598 1194 1638 cu'm
1211 1599 1290 1638 iam
1313 1600 1543 1650 pronomine
1564 1601 1671 1651 ipsa
1692 1615 1754 1641 ex-

61 1686 242 1724 pressum
265 1673 327 1720 sit,
361 1684 504 1711 causae
527 1671 730 1709 defensore
761 1683 861 1720 opus
893 1683 971 1708 non
1003 1670 1136 1717 fuisse,
1168 1670 1266 1708 haec
1289 1670 1345 1708 vis
1368 1669 1408 1708 in
1436 1671 1562 1709 verbis
1595 1685 1674 1721 per
1707 1686 1754 1711 se

60 1743 167 1782 nullo
198 1743 314 1794 modo
342 1742 476 1781 inesse
508 1745 646 1792 potest.
705 1740 904 1779 Sententia
935 1741 1031 1779 haec
1063 1745 1142 1780 est:
1182 1753 1303 1779 causa
1334 1740 1422 1791 ipsa
1452 1754 1530 1780 non
1564 1743 1679 1781 modo
1712 1756 1755 1782 se

62 1813 146 1852 sine
166 1813 381 1860 defensore,
415 1813 483 1851 sed
505 1811 622 1850 etiam
644 1810 873 1849 Ciceronem
895 1811 1109 1858 absentem,
1139 1824 1216 1861 qua
1247 1816 1329 1850 erat
1356 1811 1540 1860 bonitate,
1565 1813 1753 1863 probavit.

201 1895 317 1935 XXII.
343 1897 410 1936 57.
443 1894 513 1933 An
546 1898 782 1939 senatus,
816 1906 875 1932 an
907 1892 1134 1941 ordines,
1168 1907 1224 1933 an
1255 1893 1302 1936 ii.

201 1966 321 2005 Recte
351 1965 586 2005 Garatonius
619 1964 844 2014 suspicatus
883 1969 942 2002 est
983 1977 1155 2006 omnes
1197 1965 1391 2004 excidisse
1429 1971 1519 2016 post
1549 1967 1755 2006 ordines

70 2036 118 2078 cf.
153 2037 174 2083 ἓ
209 2037 312 2078 132:
346 2035 553 2075 ordines
585 2048 769 2074 omneS.

203 2107 320 2149 XXII.
346 2109 413 2147 58.
445 2106 660 2156 Madvigius
701 2119 738 2156 p.
773 2108 855 2146 219
887 2106 984 2144 haec
1016 2106 1202 2145 coniecit:
1242 2107 1302 2145 At
1333 2120 1449 2146 vero
1481 2107 1529 2146 in
1560 2108 1755 2148 iudicio

63 2176 286 2229 periculi
316 2177 447 2217 nihil
480 2181 608 2216 erat:
643 2175 989 2228 privilegium,
1036 2177 1301 2227 pertimui,
1348 2191 1424 2226 ne,
1467 2178 1590 2218 mihi
1623 2192 1755 2230 prae-

63 2247 200 2287 senti
232 2248 271 2286 si
302 2248 637 2297 irrogaretur.
671 2247 759 2286 Non
790 2247 987 2296 agebatur,
1020 2247 1155 2297 inquit,
1189 2248 1236 2286 de
1268 2249 1402 2296 multa,
1437 2250 1505 2287 sed
1536 2250 1584 2287 de
1614 2250 1752 2300 capite.

63 2318 140 2358 Sed
172 2318 308 2358 Cicero
340 2332 411 2370 pro
442 2318 521 2358 Mil.
553 2318 650 2366 XIV,
692 2318 759 2357 ubi
790 2319 838 2357 de
868 2318 1005 2357 eadem
1036 2331 1078 2357 re
1108 2318 1246 2367 agitur,
1287 2318 1461 2369 scripsit:
1500 2320 1612 2359 Diem
1644 2321 1752 2369 mihi,

63 2390 192 2437 credo,
225 2389 387 2437 dixerat,
420 2390 587 2428 multam
617 2389 820 2438 irrogarat.
864 2389 1010 2427 Deinde
1041 2402 1100 2427 an
1130 2389 1180 2427 M.
1205 2394 1388 2438 suspecta
1418 2390 1500 2429 fuit.
1550 2390 1626 2429 Sed
1657 2391 1754 2430 nihil

61 2459 297 2498 mutandum
327 2446 405 2508 est,
438 2460 602 2498 eandem
633 2458 821 2498 orationis
853 2459 1021 2498 formam
1052 2458 1172 2497 habes
1204 2458 1244 2497 in
1276 2459 1296 2505 ξ
1333 2461 1398 2499 79.

202 2529 334 2569 ΧΧΠΙ.
367 2531 434 2570 60.
488 2529 576 2568 Sed
615 2529 728 2580 quid
767 2542 850 2579 ego
890 2534 1094 2569 vestram
1134 2529 1468 2568 crudelitatem
1511 2544 1752 2581 expromo.

3 2598 8 2602 ’
63 2585 277 2649 Ετιιθεὶἰυὲ,
299 2599 483 2649 Wolfius,
505 2600 720 2651 Madvigius
742 2602 847 2653 apud
868 2600 1097 2641 Ciceronem
1127 2612 1404 2651 expromere
1434 2614 1637 2653 nunquam
1664 2602 1756 2642 sim·

61 2670 215 2725 pliciter
245 2684 317 2724 pro
348 2684 406 2720 eo,
440 2672 545 2722 quod
575 2671 628 2711 sit
657 2685 995 2722 commemoro,
1029 2672 1121 2724 poni
1151 2671 1305 2719 dicunt3
1339 2673 1407 2711 sed
1429 2673 1589 2712 verbum
1617 2687 1755 2725 expro-

4 2732 7 2761 Ῐ
36 2776 38 2779 «
62 2729 194 2793 mendi
223 2740 263 2784 h.
286 2741 314 2784 l.
335 2754 415 2781 non
435 2740 567 2782 minus
596 2747 701 2783 recte
731 2747 791 2783 est
822 2743 995 2795 positum
1024 2756 1143 2794 quam
1173 2743 1221 2783 de
1241 2743 1357 2783 divin.
1380 2743 1446 2784 lib.
1471 2744 1514 2786 11.
1548 2757 1581 2785 c.
1609 2748 1675 2795 72,
1708 2747 1756 2787 de

28 2811 163 2869 slegg.
186 2812 231 2854 11.
263 2825 297 2853 c.
323 2814 360 2861 7,
394 2813 444 2852 ad
464 2811 510 2860 Q.
534 2812 580 2853 fr.
603 2813 619 2853 I
641 2817 680 2863 9,
705 2816 772 2863 28,
801 2814 893 2855 fam.
911 2814 944 2854 V
967 2816 1033 2864 12,
1059 2817 1096 2863 1,
1119 2814 1199 2857 Att.
1223 2814 1254 2853 11
1277 2817 1343 2863 12,
1368 2818 1414 2863 23
1447 2828 1519 2868 pro
1539 2816 1620 2859 Mil.
1644 2818 1753 2870 588,

60 2880 137 2924 div.
159 2882 200 2924 in
220 2882 335 2926 Caec.
357 2883 380 2933 ἓ
402 2884 470 2926 39.
577 2899 581 2903 “
828 2876 842 2891 “
1049 2881 1052 2883 ’
1397 2877 1400 2880 ’

0 2931 48 2955 ram,

4 2962 16 2970 κ
28 2965 33 2968 .

0 2969 36 2998 ἓῖ.
49 2978 53 2980 ’
