1878 3020
774 60 1124 119 ‘—22--‘v

75 203 135 237 est
166 210 316 245 eorum,
351 197 417 248 qui
441 211 509 248 per
530 197 821 236 simulationem
842 197 1036 235 amicitiae
1056 197 1202 236 nefarie
1223 210 1315 237 eum
1335 197 1603 249 prodiderant3
1634 197 1684 237 ab
1714 196 1777 238 his

75 260 264 308 discernit
295 280 376 315 eos,
410 267 489 318 qui,
523 280 613 306 cum
645 271 805 318 propter
835 266 1015 305 inertiam
1047 266 1184 306 eadem
1215 268 1374 319 assequi
1405 280 1485 307 non
1516 272 1690 319 possent,
1722 267 1778 308 in·
1841 255 1876 326 ’ς’-ζ

76 340 253 377 viderant
279 339 386 377 laudi
408 344 445 376 et
466 338 643 386 dignitati
664 337 759 375 eius.
802 337 966 375 Deinde:
1001 336 1066 375 Sic
1088 337 1268 385 ulciscar,
1290 336 1428 389 inquit,
1450 339 1623 378 facinora
1644 351 1778 378 eorum

78 409 246 459 singula,
279 422 396 460 quem
418 409 466 447 ad
488 408 650 446 modum
681 420 704 445 a
734 406 955 457 quibusque
977 419 1065 446 sum
1099 412 1354 457 provocatus:
1388 408 1516 447 malos
1546 407 1649 448 cives
1680 420 1778 447 rem-

80 479 279 530 publicam
302 480 401 517 bene
423 478 601 527 gerendo,
633 476 843 526 perfidos
865 472 1044 515 amicos
1066 477 1185 515 nihil
1207 472 1441 515 credendo
1463 484 1604 529 atque
1624 479 1779 517 omnia

79 550 303 596 cavendo,
337 548 520 587 invidos
552 546 716 585 virtuti
748 552 791 585 et
823 546 1004 596 gloriae
1026 547 1287 587 serviendo.
1332 548 1527 599 Sequitur,
1550 554 1593 589 ut
1613 549 1652 597 ii,
1676 561 1776 600 quos

79 633 159 658 non
181 619 373 658 credendo
396 617 533 655 ulcisci
554 616 731 655 animum
753 616 973 666 induxerat,
1005 631 1084 656 non
1104 623 1236 657 essent
1267 618 1413 657 invidi
1445 619 1573 667 amici,
1607 620 1675 659 sed
1696 632 1779 670 per-

79 690 157 738 fidi,
191 690 257 740 qui
289 702 378 727 eum
411 687 674 738 prodiderant.
729 687 829 726 Cum
861 689 1071 729 antenode
1102 689 1206 728 dom.
1241 690 1340 735 §29
1375 688 1566 739 scriptum
1599 689 1669 729 sit:
1712 695 1779 729 aut

78 765 120 798 ut
150 781 194 785 —
222 758 361 798 amicis
383 771 462 796 non
484 758 742 805 crederem,
772 758 934 796 dubium
956 771 1033 797 non
1056 764 1128 806 est,
1152 759 1247 809 quin
1266 758 1343 797 hoc
1364 760 1451 798 Ioco
1472 772 1551 798 non
1573 759 1776 808 invidos,

78 831 146 868 sed
178 842 258 877 eos,
293 828 360 878 qui
393 841 482 866 eum
516 827 778 878 prodiderant,
813 828 1100 877 significaverit.
1143 829 1185 867 ln
1205 830 1280 868 hos
1304 834 1436 868 autem
1457 829 1689 868 adiectivum
1719 829 1779 868 in·

77 900 289 939 sidiosus
321 903 412 949 apte
444 899 621 949 quadrat.

217 970 297 1009 XII.
322 972 390 1009 31.
432 969 650 1019 idemque
672 970 739 992 ***
760 969 976 1008 dixisset.
1030 970 1071 1007 In
1100 969 1129 1007 P
1152 982 1254 1008 cum
1288 975 1377 1020 post
1407 971 1623 1020 idemque
1656 982 1777 1020 supra

75 1054 232 1080 versum
264 1046 391 1079 vetere
424 1053 544 1078 manu
567 1040 758 1090 scriptum
790 1045 850 1079 est
881 1045 998 1091 atque
1019 1041 1209 1079 nonnulla
1229 1040 1407 1080 videntur
1428 1040 1634 1080 excidisse.
1669 1039 1777 1086 Quae

76 1111 268 1150 sententia
301 1111 351 1149 sit
384 1110 616 1160 supplenda,
650 1123 697 1148 ex
720 1110 819 1149 Sest.
843 1112 863 1157 ἓ
889 1113 970 1151 129
993 1110 1251 1159 intellegitur3
1284 1123 1378 1148 nam
1399 1110 1452 1148 ibi
1473 1111 1521 1148 de
1541 1110 1618 1148 hoc
1638 1115 1777 1148 senatu

74 1182 233 1220 dicitur:
282 1194 385 1219 cum
422 1181 491 1219 vir
531 1180 590 1227 is,
640 1180 719 1230 qui
750 1181 1023 1232 tripertitas
1064 1181 1193 1219 orbis
1225 1186 1459 1219 terrarum
1497 1193 1604 1219 oras
1637 1185 1778 1230 atque

75 1252 295 1301 regiones
338 1251 492 1289 tribus
524 1251 781 1301 triumphis
814 1251 1066 1291 adiunctas
1108 1251 1215 1290 huic
1247 1250 1446 1301 imperio
1478 1250 1677 1298 notavit,
1725 1251 1778 1288 de

77 1321 260 1372 scripto
306 1321 546 1360 sententia
587 1321 714 1360 dicta
754 1321 867 1359 mihi
908 1321 986 1360 uni
1020 1321 1344 1361 testimonium
1377 1321 1559 1372 patriae
1596 1333 1777 1360 conser-

76 1398 211 1432 vatae
242 1393 383 1433 dedit.

220 1464 300 1502 XII.
326 1466 393 1503 32.
428 1476 564 1514 quam
596 1468 674 1502 aut
705 1462 865 1513 opinio
898 1464 1076 1503 tulerit.

216 1533 456 1584 Recipienda
488 1538 548 1572 est
579 1533 731 1572 Graevii
763 1533 1006 1573 coniectura:
1040 1535 1229 1576 tulerat.
1263 1534 1351 1573 Non
1383 1535 1557 1573 curanda
1588 1539 1648 1572 est
1678 1533 1717 1573 h.
1750 1533 1776 1572 l.

78 1596 224 1644 codicis
246 1603 416 1643 Parisini
449 1603 675 1651 auctoritas,
709 1603 749 1641 in
781 1616 857 1653 quo
889 1609 1084 1642 extremas
1117 1605 1289 1654 syllabas
1312 1618 1429 1655 saepe
1461 1604 1660 1643 mutilatas
1692 1616 1780 1642 esse

77 1681 244 1716 constat.
293 1689 326 1714 V.
350 1675 469 1722 Paul,
512 1674 641 1713 studia
673 1673 930 1713 Ciceroniana
962 1675 1150 1722 (Berolini
1174 1676 1302 1723 1875)
1336 1689 1374 1726 p.
1399 1677 1419 1716 1
1455 1674 1637 1724 (multis
1658 1673 1778 1713 locis

76 1748 325 1786 verborum
360 1750 517 1796 partes
550 1750 790 1784 extremae
821 1745 974 1784 labem
997 1745 1353 1794 contraxerunt)
1386 1750 1423 1784 et
1453 1745 1617 1794 Madvig,
1641 1756 1778 1795 opusc.

78 1819 188 1858 acad.
222 1818 266 1865 ΙΙ,
292 1820 359 1858 20.
1744 1805 1751 1809 .

215 1888 311 1927 XIII.
337 1891 405 1928 34.
440 1887 562 1928 Codd.
586 1886 825 1938 optimorum
855 1887 1091 1938 scripturam
1112 1887 1316 1926 Videsne
1336 1901 1406 1926 me
1425 1900 1516 1926 non
1546 1885 1780 1926 radicitus

78 1962 283 2001 evellere
315 1972 476 1998 omnes
509 1958 723 1998 actiones
756 1963 860 1997 tuas
892 1972 1041 2009 neque
1073 1959 1190 1997 illud
1222 1972 1376 2008 agere,
1416 1960 1537 2009 quod
1569 1963 1781 2009 apertum

78 2037 167 2079 est,
201 2036 245 2070 te
285 2030 474 2068 omnino
514 2029 635 2067 nihil
668 2029 881 2077 gessisse
921 2029 1021 2067 iure
1053 2029 1091 2067 in
1134 2029 1300 2068 editione
1333 2029 1541 2068 Turicensi
1572 2029 1695 2068 altera
1725 2040 1781 2066 re·

78 2103 280 2154 pudiatam
313 2099 507 2140 revocavit
537 2098 753 2148 Madvigius
785 2099 824 2137 in
856 2100 939 2138 adv.
974 2099 1058 2138 crit.
1093 2113 1126 2138 v.
1161 2099 1191 2138 II
1222 2114 1258 2151 p.
1294 2103 1390 2142 227.

219 2172 316 2211 XIV.
337 2174 404 2211 36.
429 2170 642 2221 primum,
667 2170 783 2219 quod
805 2182 884 2208 eae
905 2175 1093 2208 vestrae
1115 2170 1210 2209 sint
1232 2176 1427 2210 aetates.
1461 2171 1564 2209 Sint
1581 2169 1781 2209 Ciceronis

78 2257 156 2283 non
179 2256 268 2282 esse
289 2256 337 2282 ex
371 2242 506 2288 solet,
541 2240 645 2291 quod
667 2239 801 2279 statim
823 2240 1010 2290 sequitur,
1044 2241 1297 2292 perspicuum
1318 2247 1390 2284 est.
1440 2241 1698 2281 Scribendum
1720 2244 1779 2279 est

79 2315 297 2353 secundum
329 2313 440 2351 codd.
476 2312 509 2350 G
529 2311 587 2349 M:
622 2315 731 2348 sunt
763 2315 942 2349 aetates
975 2311 1202 2359 (Halmius).

221 2383 318 2423 XIV.
343 2386 411 2424 37.
454 2383 581 2430 Quae
612 2381 763 2420 maior
794 2381 1031 2421 calumnia
1063 2387 1134 2421 est
1166 2396 1299 2433 quam
1332 2382 1491 2422 venire
1522 2381 1782 2421 imberbum

79 2455 505 2496 adolescentulum.
569 2451 738 2491 wolfius
771 2451 1008 2504 scripturam
1039 2452 1300 2493 imberbum
1332 2453 1421 2505 (pro
1453 2449 1727 2499 imberbem)
1759 2464 1783 2490 a

79 2506 270 2566 [lambino
294 2532 438 2565 temere
458 2529 659 2575 receptam
680 2536 768 2562 esse
789 2523 896 2563 dixit.
931 2524 1008 2563 Sed
1029 2525 1139 2564 codd.
1158 2525 1296 2576 optimi
1317 2525 1478 2564 habent:
1503 2523 1781 2570 imberbum,

80 2604 122 2637 ut
144 2598 313 2637 Charisii
336 2593 380 2648 (1,
407 2599 472 2644 18,
494 2596 536 2644 6)
558 2595 829 2635 testimonium
850 2595 1014 2635 dicentis
1032 2596 1261 2636 Ciceronem
1283 2596 1496 2648 scripsisse
1522 2595 1785 2635 imberbum

81 2669 155 2708 hoc
188 2681 342 2719 quoque
374 2669 460 2706 loco
493 2667 757 2706 confirmetur.
797 2666 892 2705 Vide
922 2666 1094 2706 Nonium
1128 2669 1201 2707 sub
1232 2667 1451 2714 imberbi3
1483 2665 1704 2705 Bentleium
1734 2663 1784 2702 ad

84 2739 178 2779 Hor.
203 2739 316 2789 epist.
340 2739 382 2786 11,
410 2741 446 2786 1,
471 2740 549 2785 853
582 2738 624 2776 L.
647 2737 786 2776 Mtiller
808 2738 856 2776 ad
878 2739 1046 2777 eundem
1070 2739 1214 2782 locum.
1247 2738 1342 2779 Vide
1363 2738 1426 2779 Fr.
1449 2737 1570 2785 Neue,
1601 2735 1784 2774 Formen-

84 2809 191 2850 lehre
222 2810 290 2849 der
321 2809 578 2849 lateinischen
611 2808 787 2861 Sprache
818 2809 860 2849 11.
895 2823 933 2861 p.
968 2811 1022 2851 88
1057 2815 1094 2850 et
1127 2812 1195 2853 89.
