1878 3020
0 248 60 331 R„

0 300 81 378 Ξῶλι

0 379 19 398 t

0 392 28 423 ᾖ]

42 199 227 242 easdem
257 211 399 240 causas
429 202 473 238 ut
494 198 659 250 quisque
680 198 811 248 egerit,
843 198 937 238 utile
965 198 1037 238 erit
1067 198 1188 246 scire3
1229 210 1323 237 nam
1348 198 1397 237 de
1417 198 1533 237 domo
1557 196 1758 238 Ciceronis

52 255 166 314 dixit
196 268 382 311 Calidius.
393 266 424 318 ¹)

210 341 314 381 Tum
351 339 424 380 Dio
465 339 628 380 Cassius
668 340 709 380 in
747 341 911 380 historia
948 353 1112 380 romana
1143 340 1371 380 Ciceronem
1411 342 1515 391 apud
1554 340 1757 391 pontifices

0 423 27 447 ,τί
68 411 288 452 orationem
322 410 508 450 habuisse
553 411 778 459 confirmat;
819 411 858 450 in
890 412 916 452 l.
948 411 1108 450 XXXIX
1139 412 1160 458 ἓ
1195 413 1245 452 11
1280 411 1436 461 legitur:
1488 409 1556 463 τὴν
1586 409 1661 461 γὰρ
1693 404 1757 447 ἐσ-

0 467 28 537 Ῐξζ,
67 481 192 537 φορὰν
227 483 294 519 τοῦ
332 483 602 535 φρατριατικοῦ
632 480 762 533 νόμοι),
801 475 892 533 παρ’
922 477 968 534 ἢν
999 475 1046 518 ἐκ
1084 485 1157 519 τῶν
1187 475 1419 533 εὐπατριδῶν
1458 476 1499 525 ἐς
1528 479 1571 518 τὸ
1601 478 1758 533 πλῆθος

0 539 17 605 J¹
67 546 284 604 ἐπεποίητο,
325 547 556 601 διαβάλλων,
595 545 649 595 ὡς
684 545 756 588 οὐκ
795 546 833 589 ὲν
864 553 942 594 τοῖς
971 546 1192 603 ὡρισμένοις
1222 546 1268 588 ἐκ
1302 555 1376 589 τῶν
1405 550 1574 603 πατρίων
1604 550 1758 603 χρόνοις

11 618 14 621 '
68 616 293 664 ἐκτεθέντος
323 614 450 666 αὐτοῦ,
481 621 549 674 τήν
577 632 618 657 τε
647 617 872 674 δημαρχίαν
902 624 967 658 τοῦ
997 616 1182 658 Κλωδίου
1212 625 1353 670 πᾶσαν,
1386 616 1424 659 ἐν
1451 616 1569 672 ᾐκαὶ
1588 620 1635 658 τὰ
1656 619 1758 657 κατὰ

68 678 150 744 τὴν
171 685 295 729 οὶκίαν
333 684 524 736 ἐδέδοκτο,
563 687 740 737 κατέλυε,
779 688 901 741 λέγων
937 684 1012 743 οὔχ
1050 686 1128 729 οἷον
1166 702 1205 728 τε
1248 686 1353 737 εἶναι,
1389 695 1458 745 τῆς
1488 690 1758 743 μεταστάσεως

8 748 10 750 ’
62 755 186 800 αὐτοῦ
226 764 295 815 τῆς
337 755 378 804 ἐς
418 759 481 798 τὸν
527 755 660 813 ομιλον
696 760 934 813 παρανόμως
969 761 1236 815 γεγενημένης,
1278 756 1380 811 ὑγιές
1418 773 1450 799 τι
1487 765 1561 799 τῶν
1591 755 1629 798 ἐν
1660 755 1757 812 αὐτῇ

69 829 324 885 πραχθέντων
355 828 599 884 νομίζεσθαι,
641 829 709 889 καὶ
739 828 864 870 ἔπεισε
903 828 965 869 διὰ
1003 830 1137 870 τοὸτου
1167 830 1255 876 τοὺς
1286 830 1510 886 ποντίφικας
1540 829 1583 869 τὸ
1613 827 1758 884 ε’δαφός

70 895 106 939 οἱ
135 914 190 945 ως
218 899 288 939 καὶ
317 895 420 939 ὖσιον
450 911 519 938 και
549 881 714 954 βέβηλον
744 896 786 939 ὃν
817 897 1037 939 ἀποδοῦναι.

213 972 407 1019 Quoniam
427 977 558 1011 autem
589 985 623 1011 a.
649 972 690 1011 C.
715 971 929 1011 orationem
949 973 997 1010 de
1017 972 1133 1011 domo
1166 977 1202 1010 et
1233 972 1406 1011 habitam
1438 977 1475 1011 et
1505 972 1649 1011 editam
1671 984 1759 1010 esse

72 1043 438 1091 demonstravimus,
471 1044 680 1082 afferamus
712 1043 887 1093 singulos
919 1044 1027 1082 locos
1049 1056 1072 1081 a
1092 1042 1285 1081 veteribus
1318 1042 1574 1093 scriptoribus
1605 1055 1652 1081 ex
1685 1043 1758 1081 hac

72 1114 247 1153 oratione
277 1114 474 1165 repetitos,
507 1128 553 1153 ex
586 1114 726 1164 quibus
759 1126 1004 1164 consequens
1035 1118 1106 1161 est,
1139 1118 1181 1152 ut
1211 1113 1266 1152 illi
1288 1126 1372 1152 eam
1397 1113 1624 1160 orationem,
1659 1126 1758 1163 quae

69 1185 117 1223 ad
148 1189 325 1223 nostram
356 1190 522 1224 aetatem
554 1185 737 1235 pervenit,
771 1197 842 1235 pro
872 1197 962 1223 vera
994 1189 1031 1222 et
1061 1184 1228 1232 genuina
1258 1183 1476 1224 habuerint.

205 1255 361 1294 Initium
382 1260 514 1294 autem
535 1255 630 1293 mihi
651 1256 885 1306 capiendum
916 1260 975 1293 est
1005 1268 1029 1293 a
1049 1254 1271 1293 testimonio
1289 1254 1417 1293 Valeri
1437 1254 1610 1301 Maximi,
1644 1253 1755 1292 cuius

65 1326 182 1364 verba
213 1325 253 1364 in
283 1325 371 1364 libri
403 1326 450 1364 VI
481 1327 508 1372 ἔ
526 1329 550 1366 3
585 1327 748 1374 „eadem
780 1338 922 1365 ausum
954 1324 1021 1375 Sp.
1051 1325 1235 1364 Maelium
1268 1324 1462 1363 consimili
1494 1324 1599 1363 exitu
1630 1323 1756 1374 patria

64 1395 262 1437 multavit:
296 1408 387 1435 area
416 1408 506 1435 vero
538 1397 678 1436 domus
706 1396 801 1445 eius,
835 1409 912 1447 quo
943 1394 1091 1435 iustitia
1122 1394 1304 1446 supplicii
1335 1395 1464 1434 notior
1495 1396 1543 1434 ad
1576 1399 1754 1446 posteros

63 1467 290 1517 perveniret,
338 1467 581 1517 Aequimaeli
625 1468 926 1518 appellationem
969 1467 1115 1506 traxit¹‘
1157 1467 1371 1505 imitatione
1408 1467 1534 1505 efficta
1576 1472 1666 1505 sunt
1705 1479 1752 1504 ex

64 1538 267 1587 sententia,
300 1551 401 1589 quae
419 1538 460 1577 in
480 1538 518 1578 h.
538 1551 593 1578 or.
613 1551 647 1581 c.
665 1539 854 1578 XXXVIII
886 1538 979 1589 (Sp.
1011 1537 1183 1578 Maelii
1214 1550 1423 1588 regnum
1453 1537 1751 1589 appetentis

63 1609 241 1647 domus
273 1614 349 1647 est
380 1610 719 1659 complanata.
782 1610 805 1655 †
850 1609 905 1648 Et
936 1610 1019 1659 qui
1050 1609 1215 1647 aliud?
1248 1621 1460 1658 aequum
1491 1608 1752 1647 accidisse

63 1679 284 1731 populus
326 1678 579 1718 Romanus
622 1680 806 1719 Maelio
857 1679 1123 1719 iudicavit:
1176 1679 1376 1719 nomine
1419 1679 1532 1730 ipso
1576 1680 1753 1730 Aequi·-

62 1749 237 1789 maelii
268 1749 475 1788 iustitia
506 1762 700 1800 poenae
731 1750 1064 1800 comprobata
1095 1749 1201 1797 est.)
1232 1749 1383 1799 legitur.

200 1830 346 1871 Deinde
361 1831 503 1882 Aquila
512 1831 714 1871 Romanus
736 1831 776 1870 in
797 1831 908 1880 libro,
932 1831 998 1882 qui
1012 1830 1236 1870 inscribitur
1251 1831 1298 1870 de
1315 1832 1449 1881 figuris
1468 1832 1747 1871 sententiarum

62 1906 100 1947 et
130 1900 373 1950 elocutionis,
413 1902 511 1941 duos
551 1902 658 1940 locos
690 1914 737 1940 ex
768 1901 842 1940 hac
874 1901 1049 1940 oratione
1079 1902 1255 1952 repetivit
1286 1902 1325 1941 in
1357 1904 1377 1950 ἓ
1412 1906 1486 1944 18:
1533 1903 1592 1955 (in
1623 1917 1660 1954 p.
1695 1905 1748 1944 28

61 1971 150 2011 edit.
183 1971 280 2011 rhet.
314 1972 380 2012 lat.
413 1972 507 2012 min.
541 1973 589 2012 ab
621 1972 778 2011 Halmio
810 1963 982 2021 curatae)
1029 1972 1125 2020 Quis
1162 1979 1222 2012 est
1258 1972 1331 2012 iste
1362 1974 1538 2013 Lollius?
1585 1974 1752 2023 armiger

62 2041 264 2090 Catilinae,
289 2041 454 2093 stipator
475 2042 530 2081 tui
547 2042 735 2093 corporis,
759 2043 972 2081 concitator
988 2044 1298 2082 tabernariorum
1315 2057 1536 2094 percussor,
1560 2044 1753 2095 lapidator

60 2112 146 2161 fori,
178 2111 435 2163 depopulator
466 2113 613 2161 curiae;
655 2113 695 2151 in
727 2113 748 2158 ἓ
780 2115 823 2153 8:
864 2113 918 2163 (p.
953 2114 1025 2161 24)
1067 2113 1233 2152 Videsne
1272 2127 1335 2152 me
1373 2115 1559 2163 radicitus
1591 2115 1751 2153 evellere

61 2187 188 2221 totum
208 2182 449 2223 tribunatum
470 2187 610 2223 tuum?
648 2183 755 2222 Haec
775 2184 892 2222 verba
912 2183 1092 2233 leguntur
1113 2184 1153 2222 in
1173 2184 1211 2223 h.
1235 2197 1290 2223 or.
1315 2197 1348 2223 c.
1371 2185 1467 2233 XIII,
1500 2185 1567 2224 illa
1593 2185 1633 2223 in
1654 2197 1687 2224 c.
1705 2184 1748 2223 V.

204 2265 305 2304 Tum
329 2265 449 2305 Iulius
470 2266 702 2305 Rufinianus
723 2267 797 2304 hos
827 2267 925 2304 duos
957 2267 1065 2304 locos
1098 2279 1144 2304 ex
1176 2279 1209 2304 c.
1233 2266 1283 2304 IX
1305 2272 1342 2305 et
1362 2267 1479 2306 XVIII
1509 2267 1747 2317 desumpsit:

72 2335 128 2383 (in
158 2335 180 2382 ἓ
213 2337 252 2382 9,
284 2349 321 2386 p.
355 2339 407 2377 41
442 2338 501 2379 ed.
534 2337 684 2385 Halm.)
717 2336 804 2375 Tibi
834 2335 966 2375 literas
997 2336 1062 2374 ille
1092 2336 1224 2376 misit?
1256 2341 1380 2388 quas?
1413 2351 1511 2388 quas
1544 2343 1611 2376 aut
1640 2350 1750 2376 num-

63 2418 183 2457 quam
212 2406 319 2447 misit
350 2413 418 2447 aut
449 2408 482 2447 si
513 2408 631 2456 misit,
664 2407 704 2447 in
725 2406 905 2447 contione
926 2406 1079 2446 recitari
1107 2408 1242 2447 noluit.
1288 2409 1421 2459 Itaque
1442 2408 1523 2447 sive
1543 2408 1608 2447 ille
1629 2408 1748 2457 misit,

63 2477 143 2517 sive
172 2481 216 2516 tu
246 2478 454 2528 protulisti,
488 2484 592 2519 certe
623 2479 831 2518 consilium
861 2483 977 2518 tuum‘
1003 2479 1050 2518 de
1080 2478 1229 2518 honore
1257 2479 1417 2519 Catonis
1449 2480 1640 2519 nudatum
1670 2485 1749 2528 est;

62 2553 100 2588 et
129 2548 170 2588 in
190 2549 212 2596 ξ
237 2551 283 2591 7:
316 2549 373 2597 (in
394 2550 453 2592 ed.
476 2550 607 2593 Halm.
631 2564 669 2602 p.
694 2550 765 2599 40)
799 2550 916 2590 Sexte
937 2555 1080 2599 noster,
1104 2551 1289 2600 quoniam
1310 2551 1428 2590 etiam
1449 2551 1535 2590 iura
1555 2551 1746 2600 ligurrris.

202 2631 331 2683 Atque
351 2632 510 2673 Grillius
541 2647 589 2675 ex
621 2635 642 2682 ξ
665 2637 686 2677 1
721 2635 810 2674 huis
831 2634 1018 2675 orationis
1039 2634 1135 2674 haec
1156 2634 1289 2674 laudat
1319 2634 1358 2684 (ἓ
1383 2636 1419 2683 1,
1453 2634 1493 2674 in
1514 2633 1634 2674 Hahn
1653 2634 1742 2674 edit.

63 2717 102 2756 p.
126 2704 244 2754 596):
284 2704 384 2745 Cum
404 2707 528 2747 multa
548 2706 744 2756 divinitus,
770 2709 984 2759 pontifices,
1016 2720 1040 2746 a
1065 2707 1280 2748 maioribus
1300 2706 1447 2747 nostris
1468 2706 1624 2747 inventa
1645 2712 1747 2757 sunt,

203 2821 232 2867 ¹)
258 2822 303 2860 cf.
329 2821 400 2858 Cic.
426 2822 526 2873 Brut.
551 2822 606 2866 79,
633 2821 712 2858 274.
