1878 3020
817 59 1101 116 -12—‘

93 334 207 381 cedit,
241 334 343 383 quod
374 334 448 371 hoc
480 333 650 383 quidem,
697 333 920 383 quicunque
950 333 1100 382 integro
1137 333 1280 372 iudicio
1320 347 1366 374 ac
1406 338 1617 389 tranquillo
1655 338 1787 379 animo

93 404 225 452 utitur,
253 404 372 446 ,facile
404 404 593 453 concedit,
626 403 666 443 in
696 404 873 443 oratione
905 404 953 442 de
984 404 1101 443 domo
1132 404 1259 443 multo
1291 406 1417 454 magis
1448 409 1681 448 memoriam
1710 422 1788 461 ser·
1810 447 1811 450 ,
1830 416 1850 428 ·’

93 473 222 513 monis
254 472 498 514 Ciceroniani
530 473 783 523 remansisse,
817 486 936 524 quam
966 473 1006 512 in
1037 473 1179 512 Valerii
1208 473 1368 513 Maximi
1399 475 1522 527 libris,
1555 479 1621 530 qui
1652 484 1718 529 „et
1747 479 1788 519 in
1831 500 1857 517 e

93 544 257 593 singulis
289 545 514 584 notionibus
559 551 596 584 et
626 546 667 584 in
699 545 901 584 sententiis
933 544 1197 594 exprimendis
1244 546 1436 594 poeticam
1481 548 1679 589 licentiam
1709 563 1788 589 non
1847 547 1857 554 *

93 615 209 653 modo
240 614 468 663 imitaretur,
502 628 636 654 verum
667 614 786 654 etiam
818 614 1201 665 supergrederetur“.
1223 611 1253 662 ¹)
1306 614 1440 665 Itaque
1471 629 1705 669 quocunque
1724 631 1789 658 me

92 689 211 731 verto,
244 685 416 735 undique
446 689 611 735 apparet
640 697 719 723 non
751 684 938 722 orationis
969 685 1017 722 de
1048 685 1166 722 domo
1199 684 1444 734 scriptorem,
1492 688 1560 725 sed
1591 687 1788 728 Valerium

94 753 202 793 illam
237 755 473 794 sententiam
504 754 720 794 imitatione
751 753 963 793 effinxisse.
1777 739 1781 744 ⁵

235 824 318 863 Nec
361 825 603 876 probabilius
651 824 847 864 iudicasse
892 823 988 863 mihi
1027 823 1177 862 videtur
1206 823 1375 863 Wolfius
1390 855 1399 872 ,
1433 825 1499 876 qui
1542 831 1584 865 ut
1614 832 1788 867 veterum

94 895 319 934 testimonia
350 895 542 935 minueret
572 901 640 934 aut
670 896 834 942 tolleret,
867 895 916 933 ad
948 907 1036 933 eam
1067 894 1301 933 sententiam
1332 895 1523 944 confugit,
1557 911 1634 947 qua
1665 900 1789 937 decla-

94 970 287 1003 matorem
309 965 457 1015 aliquot
478 954 698 1015 deperditas
717 964 917 1003 Ciceronis
939 964 1135 1002 orationes
1157 968 1248 1002 ante
1263 965 1399 1003 oculos
1415 965 1602 1006 habuisse
1623 967 1789 1019 indeque

94 1040 131 1074 et
162 1048 225 1073 res
257 1040 296 1074 et
316 1035 528 1074 sententias
560 1036 752 1085 quasdam
774 1034 961 1074 Cicerone
991 1047 1070 1073 non
1090 1034 1270 1083 indignas
1292 1040 1515 1074 mutuatum
1536 1050 1623 1076 esse
1655 1038 1788 1077 existi-

95 1105 227 1144 mavit.
289 1106 341 1143 At
373 1105 462 1155 quis
494 1105 567 1144 sibi
590 1105 835 1155 persuadeat,
870 1104 997 1155 primo
1029 1104 1086 1143 vel
1110 1104 1281 1143 secundo
1313 1109 1404 1155 post
1426 1104 1627 1146 Christum
1648 1112 1788 1147 natum

96 1176 265 1223 saeculo,
299 1176 442 1226 quibus
464 1175 664 1215 Ciceronis
696 1175 892 1214 orationes
913 1175 1117 1224 diligenter
1148 1175 1387 1224 legebantur,
1422 1177 1670 1216 subditiciam
1701 1191 1785 1217 ora-

95 1246 239 1285 tionem
272 1259 362 1285 cuin
394 1259 580 1296 germana
611 1259 699 1285 esse
730 1251 1013 1286 commutatam
1044 1250 1081 1285 et
1112 1245 1152 1284 in
1182 1245 1427 1285 bibliothecis
1473 1247 1512 1286 in
1544 1247 1627 1286 eius
1658 1248 1789 1288 locum

93 199 295 234 auctorem
326 207 441 233 suum
473 198 652 232 secutum
683 206 782 240 esse,
817 194 885 232 sed
916 193 1034 231 etiam
1064 192 1170 231 haud
1200 184 1312 243 raro,
1360 201 1403 235 ut
1434 197 1648 237 oratorium
1678 211 1790 240 orna·-
1806 177 1868 229 '2⁸³‘ss

93 269 270 303 mentum
291 268 460 314 augeret,
494 263 684 304 nonnulla
705 262 937 303 immutasse
967 268 1005 302 et
1036 275 1084 302 ex
1116 275 1188 302 suo
1210 263 1366 313 ingenio
1397 267 1668 309 admiscuisse.
1714 269 1789 310 Ac·
1828 274 1845 319 [-

1826 250 1862 277 ⁴021

1863 548 1869 555 ›
1846 275 1878 482 &aaz

96 1317 371 1356 successisse?
434 1317 561 1364 Quam
592 1329 671 1356 non
703 1317 905 1368 probabile
935 1322 1006 1365 est,
1039 1316 1224 1367 Aquilam
1254 1316 1488 1365 Romanum,
1521 1317 1786 1367 Rufinianum,
1844 1335 1846 1338 ·

96 1393 265 1443 ceteros,
310 1388 376 1439 qui
416 1388 525 1427 locos
566 1400 613 1427 ex
652 1388 829 1427 oratione
871 1388 919 1427 de
962 1389 1079 1427 domo
1110 1389 1382 1437 laudaverunt,
1427 1389 1612 1439 deceptos
1644 1401 1732 1428 esse
1763 1403 1786 1428 a

97 1458 297 1496 Ciceronis
329 1458 495 1505 simiolo,
529 1458 596 1508 qui
617 1463 699 1496 tam
719 1458 917 1508 pueriliter
939 1463 1075 1497 contra
1097 1458 1264 1508 logicam
1285 1459 1485 1497 veritatem
1507 1459 1790 1497 sententiarum

96 1529 321 1580 peccavisse
350 1528 503 1577 dicitur,
535 1533 578 1568 ut
608 1541 687 1568 non
718 1529 961 1580 eloquentiae
991 1529 1236 1579 magistrum,
1270 1530 1338 1569 sed
1369 1529 1558 1569 infantem
1588 1529 1790 1569 hominem

96 1600 231 1639 audire
260 1599 429 1638 Wolfius
462 1600 536 1639 sibi
566 1600 771 1641 videretur.
833 1600 943 1639 Adde
984 1601 1088 1651 quod
1118 1600 1252 1639 Wolfii
1299 1600 1491 1640 sententia
1530 1601 1638 1640 nullo
1685 1605 1790 1649 certo

97 1676 326 1720 argumento
357 1670 505 1730 nititur,
538 1671 606 1709 sed
627 1671 823 1720 opinionis
855 1671 1027 1709 arbitrio.
1074 1671 1177 1709 Nam
1198 1684 1298 1721 quae
1324 1677 1435 1710 erant
1455 1672 1546 1710 illae
1567 1671 1790 1721 deperditae

97 1741 294 1779 orationes
311 1744 328 1779 Ρ
379 1740 487 1779 Haec
509 1740 641 1779 omnia
662 1740 794 1779 animo
816 1741 1058 1791 perlustrans
1081 1741 1221 1780 adduci
1242 1754 1320 1780 non
1343 1754 1520 1791 possum,
1554 1746 1596 1780 ut
1616 1746 1789 1780 veterum

97 1811 322 1850 testimonia
353 1823 424 1861 pro
455 1810 578 1849 nihilo
610 1811 784 1861 putanda
815 1822 904 1849 esse
934 1823 1026 1849 cum
1055 1810 1283 1850 Marklando
1315 1816 1353 1850 et
1382 1811 1526 1851 Wolfio
1561 1811 1729 1850 credam.

239 1894 436 1942 Quoniam
451 1894 548 1933 haec
570 1893 789 1942 docuimus,
813 1894 1096 1934 transeundum
1117 1895 1241 1934 estad
1264 1895 1428 1934 alteram
1449 1893 1791 1933 commentationis

98 1971 262 2016 partem,
295 1978 374 2015 qua
395 1979 452 2013 ea,
486 1978 587 2014 quae
608 1964 795 2003 Cicerone
815 1965 974 2014 indigna
994 1965 1227 2004 adversariis
1249 1965 1489 2013 videbantur,
1522 1965 1789 2004 tractabimus.

98 2037 140 2076 In
172 2049 250 2087 qua
281 2036 377 2075 mihi
409 2036 618 2075 dicendum
648 2035 720 2075 erit
751 2035 922 2086 primum
951 2037 999 2075 de
1029 2040 1138 2075 textu
1170 2041 1266 2078 orat.
1311 2037 1358 2075 de
1389 2037 1528 2085 domo3
1576 2035 1714 2075 deinde
1744 2035 1792 2074 de

98 2108 146 2146 iis
178 2109 307 2155 rebus,
342 2120 443 2157 quae
474 2112 611 2146 contra
641 2107 827 2146 historiae
860 2107 974 2146 fidem
1006 2107 1152 2158 scripta
1183 2121 1271 2147 esse
1301 2108 1510 2155 dicuntur;
1543 2112 1626 2146 tum
1653 2107 1701 2145 de
1733 2119 1790 2145 ar-

99 2178 294 2229 gumentis
327 2191 374 2218 ex
407 2184 490 2218 arte
521 2177 777 2228 grammatica
808 2177 965 2229 petitis3
997 2177 1164 2229 denique
1195 2178 1243 2218 de
1273 2177 1321 2218 iis
1353 2177 1464 2227 locis,
1496 2177 1563 2218 ubi
1593 2177 1634 2217 in
1664 2177 1791 2217 elocu-

98 2250 203 2288 tione
234 2254 301 2289 aut
332 2250 483 2288 delectu
505 2250 713 2288 verborum
739 2249 979 2288 declamator
1010 2249 1235 2299 peccavisse
1261 2249 1414 2291 dicitur.
1474 2248 1628 2300 Reliqui
1660 2252 1791 2287 autem

98 2321 192 2369 loci,
231 2334 330 2372 quos
368 2320 580 2360 adversarii
618 2333 699 2359 non
736 2325 840 2359 recte
870 2320 1142 2359 intellexerunt
1180 2326 1247 2360 aut
1277 2320 1590 2368 declamatorios,
1623 2320 1788 2369 ineptos,

97 2392 295 2441 ridiculos,
313 2392 443 2431 minus
462 2391 698 2443 perspicuos
713 2391 905 2440 dixerunt,
927 2390 1002 2431 hac
1025 2391 1352 2432 commentatione
1367 2403 1448 2431 non
1463 2390 1787 2442 explanabuntur.

784 2487 812 2527 Ι.
843 2487 909 2526 1)6
939 2491 1095 2526 textu.

240 2569 297 2611 Ex
319 2583 396 2623 quo
418 2570 541 2611 codex
562 2569 766 2610 Parisinus
786 2584 825 2610 n.
851 2572 963 2612 7794
984 2571 1033 2610 ab
1055 2569 1212 2610 Halmio
1234 2571 1402 2611 collatus
1427 2575 1498 2619 est,
1532 2558 1791 2620 plurimorum

97 2641 280 2683 vitiorum
311 2644 470 2694 culpam
501 2642 540 2682 in
562 2641 743 2682 librarios
774 2642 1051 2682 conferendam
1081 2655 1170 2681 esse
1190 2642 1303 2682 facile
1333 2647 1393 2682 est
1414 2641 1625 2681 intellectu.
1658 2638 1792 2688 Itaque

241 2758 270 2803 ¹)
296 2759 392 2795 Haec
418 2759 528 2794 verba
551 2756 705 2802 Kempfii
731 2757 896 2803 leguntur
929 2757 967 2792 in
1001 2756 1078 2792 eius
1109 2757 1192 2793 edit.
1218 2756 1292 2792 Val.
1318 2755 1410 2791 Max.
1435 2754 1628 2795 librorum,
1664 2761 1698 2795 p.
1724 2749 1791 2807 {363

99 2818 144 2855 cf.
170 2818 255 2866 quid
281 2818 372 2855 Guil.
398 2818 432 2855 S.
457 2817 593 2854 Teuffel
617 2818 655 2854 in
680 2817 765 2854 hist.
793 2817 859 2854 litt.
885 2825 976 2854 rom.
1012 2817 1095 2853 edit.
1120 2817 1178 2855 [Π.
1203 2828 1238 2863 p.
1265 2815 1330 2852 621
1360 2816 1403 2851 de
1430 2816 1469 2851 V.
1496 2813 1541 2849 M.
1567 2807 1790 2848 iudicaverit.
