1878 3020
789 137 1079 183 ...23..

221 261 302 303 XV.
323 264 392 304 39.
424 259 621 300 Infirma
652 265 762 300 sunt
792 260 937 311 igitur
960 266 1039 301 tua
1072 259 1310 301 sententia
1341 265 1447 300 acta
1469 258 1511 301 C.
1536 259 1778 310 Caesaris,

0 327 19 354 ³²⁴
82 333 170 372 viri
200 331 485 372 fortissimi?

226 402 327 442 Cum
358 401 396 440 in
430 401 514 441 cod.
548 401 635 441 Par.
670 401 862 453 scriptum
894 402 963 444 sit:
1012 402 1206 441 Infirma
1248 406 1356 441 sunt
1394 401 1536 451 igitur
1567 406 1646 441 tua
1677 407 1781 441 acta

83 473 126 512 C.
151 471 371 511 Caesaris
404 471 553 509 omisso
576 457 678 520 quod
700 474 814 521 vulgo
846 473 985 522 legitur
1018 473 1254 511 sententia
1276 486 1405 510 veram
1429 473 1628 510 Ciceronis
1660 474 1779 523 scrip-

82 548 212 583 turam
237 540 406 581 restituit
426 541 639 590 Madvigius
661 543 687 584 l.
711 543 736 584 l.
760 556 798 593 p.
823 545 920 590 217,
955 543 1150 583 scribens:
1185 543 1404 582 Infirmas
1427 543 1573 592 igitur
1605 548 1651 582 tu
1674 548 1779 582 acta

84 613 127 655 C.
151 611 385 652 Caesaris.
418 611 474 650 De
497 611 614 650 simili
636 626 710 651 usu
732 614 836 652 verbi
864 613 1086 652 infirmandi
1109 614 1155 651 cf.
1178 614 1198 660 ἓ
1221 617 1297 654 42:
1333 627 1411 652 eas
1443 613 1657 651 actiones
1691 626 1779 651 non

83 683 332 722 infirmare
364 688 401 721 et
433 696 470 733 p.
506 682 607 723 Sest.
632 686 709 724 40:
756 686 875 734 quod
918 689 1023 724 acta
1063 685 1147 723 illa
1179 689 1318 734 atque
1359 697 1522 722 omnes
1569 697 1711 725 res..
1737 715 1745 722 .
1771 715 1779 723 .

83 752 324 791 infirmari
356 766 379 791 a
411 757 646 794 senatu..
674 786 681 794 .
716 755 960 803 putabant.

224 835 303 883 XV.
329 837 396 876 40.
430 834 590 873 Videte
610 835 817 874 hominis
849 837 1123 884 amentiam,
1157 838 1200 860 **
1224 850 1308 886 per
1330 848 1463 874 suum
1485 835 1781 873 tribunatum

85 905 308 945 Caesaris
340 905 462 944 actis
494 905 716 955 illigatus
748 911 1001 946 teneretur.

228 987 328 1035 Quid
351 987 486 1026 Cicero
509 987 721 1038 scripserit,
745 988 936 1027 incertum
958 994 1035 1036 est;
1069 1002 1157 1027 eum
1185 1003 1262 1029 non
1287 988 1507 1039 scripsisse,
1542 988 1645 1038 quod
1667 993 1781 1026 antea

87 1058 285 1107 legebatur
300 1058 377 1096 ubi
400 1071 479 1108 per
501 1051 639 1096 suum
661 1058 957 1097 tribunatum
975 1059 1196 1098 Caesaris
1220 1060 1342 1098 actis
1365 1059 1584 1108 illigatus
1606 1064 1781 1097 tenere-

86 1132 131 1166 tu
143 1140 162 1165 r
193 1132 342 1166 certum
382 1133 463 1176 est;
507 1142 599 1167 nam
641 1128 680 1166 in
711 1128 785 1166 hac
818 1128 1012 1179 scriptura
1043 1128 1311 1167 coniunctivus
1344 1113 1561 1178 imperfecti
1593 1127 1670 1166 vim
1701 1141 1779 1167 non

86 1198 215 1239 habet.
238 1198 406 1236 Maxime
426 1199 519 1236 mihi
537 1199 680 1237 arridet
695 1198 840 1237 Halmii
858 1200 1099 1237 coniectura:
1121 1199 1284 1249 „quasi
1309 1212 1400 1237 non
1421 1199 1523 1248 ipse
1547 1211 1628 1248 per
1651 1211 1781 1237 suum

86 1268 421 1317 tribunatum“,
456 1281 546 1307 cum
577 1282 623 1308 ea
654 1268 924 1308 coniunctivus
956 1269 1184 1320 explicetur.

221 1351 324 1393 ·XVI.
341 1354 408 1393 42.
434 1352 603 1403 quibus
626 1352 699 1391 illi
722 1351 992 1390 actionibus
1011 1351 1329 1390 constitutum
1351 1350 1649 1389 tribunatum
1666 1362 1781 1389 com-

88 1423 423 1473 probaverunt.

157 1532 161 1536 ›
226 1503 1780 1555 Antealegebatur:tribunatumtuumcomprobaverunt,etidquidem

86 1581 200 1614 recte.
234 1575 335 1614 Nam
358 1589 597 1626 quamquam
627 1577 666 1615 in
699 1577 810 1616 codd.
844 1577 952 1614 deest
984 1589 1220 1626 pronomen:
1255 1580 1406 1622 tuum,
1441 1580 1585 1621 tamen,
1619 1587 1708 1612 cum
1740 1574 1778 1612 in

86 1647 207 1693 §382
241 1651 389 1685 totum
421 1646 718 1685 tribunatum
750 1651 911 1694 tuum,
945 1647 1065 1693 §402
1099 1651 1180 1684 tuo
1204 1645 1554 1696 praecipitante
1585 1649 1627 1684 et
1658 1644 1779 1683 debi-

87 1717 229 1758 litato
262 1717 515 1755 tribunatu
547 1721 584 1755 et
615 1730 698 1766 per
731 1729 871 1754 suum
902 1716 1216 1763 tribunatum,
1251 1716 1362 1761 §411
1397 1728 1599 1764 augures
1632 1720 1780 1753 totum

87 1791 306 1826 evertunt
327 1786 626 1825 tribunatum
646 1791 775 1825 tuum
796 1786 985 1836 scriptum
997 1786 1058 1834 sit,
1075 1770 1151 1825 hoc
1165 1787 1251 1825 loco
1269 1791 1399 1825 tuum
1416 1785 1608 1825 excidisse
1619 1785 1778 1824 videtur.

225 1869 321 1908 XVI.
346 1872 413 1909 43.
447 1868 615 1908 Fueris
649 1880 765 1908 Sane
796 1869 1019 1908 tribunus
1043 1869 1093 1920 pl.
1119 1869 1142 1914 †
1165 1874 1258 1907 tam
1290 1868 1341 1907 in
1373 1868 1474 1907 iure
1502 1881 1637 1918 quam
1659 1868 1779 1916 lege,

86 1953 222 1990 quam
244 1940 332 1979 fuit
352 1940 428 1978 hic
450 1940 556 1991 ipse
572 1940 764 1989 Villius,
798 1940 865 1979 vir
886 1941 1113 1979 omnibus
1141 1941 1283 1979 rebus
1306 1939 1615 1979 clarissimus
1638 1944 1783 1989 atque

52 2009 438 2061 'amplissimus

227 2092 348 2132 Codd.
371 2092 401 2131 P
422 2092 454 2130 V
476 2092 732 2143 scripturam:
765 2098 859 2132 tam
880 2093 926 2132 in
957 2077 1057 2132 iure
1089 2107 1224 2144 quam
1256 2094 1358 2143 lege
1380 2105 1459 2132 non
1481 2092 1673 2141 integram
1695 2103 1782 2130 esse

85 2163 164 2201 iam
177 2176 225 2201 ex
242 2175 287 2200 eo
299 2163 546 2211 intellegitur,
564 2165 667 2213 quod
679 2163 928 2214 praepositiO,
945 2177 1044 2214 quae
1058 2170 1148 2202 ante
1164 2165 1265 2202 iure
1281 2170 1357 2211 est,
1382 2166 1430 2203 ad
1446 2165 1548 2213 lege
1562 2163 1689 2213 posita
1703 2175 1781 2199 non

85 2238 164 2285 est;
197 2233 334 2272 deinde
355 2234 462 2272 nullo
484 2234 601 2273 modo
624 2234 814 2284 particula
835 2239 929 2273 tam
959 2240 997 2273 et
1018 2235 1066 2273 ad
1098 2248 1236 2285 quam
1267 2236 1369 2284 lege
1390 2240 1427 2273 et
1449 2235 1497 2273 ad
1528 2234 1546 2272 f
1551 2233 1618 2272 uit
1648 2231 1780 2271 referri

86 2308 224 2353 potest.
256 2303 344 2342 Car.
369 2304 593 2353 Stephanus
625 2304 732 2351 (tam
754 2304 854 2342 iure
883 2304 1110 2353 legeque),
1144 2305 1358 2343 Lambinus
1391 2305 1503 2352 (tam
1535 2304 1653 2350 iure,
1688 2308 1782 2340 tam

86 2374 216 2423 lege),
239 2373 421 2426 Halmius
439 2374 589 2421 (anteat
624 2379 717 2413 tam
747 2374 848 2412 iure
878 2378 1017 2424 atque
1038 2374 1178 2413 etiam
1201 2375 1323 2425 lege;
1347 2388 1467 2413 nunc:
1487 2379 1579 2412 tam
1601 2373 1705 2411 iure
1722 2377 1781 2411 at-

37 2436 40 2440 *
86 2454 173 2492 que
193 2444 312 2494 lege)
343 2457 480 2484 omnes
510 2445 743 2484 sententiam
765 2444 963 2483 Ciceronis
994 2449 1097 2483 recte
1126 2445 1344 2484 restituisse
1365 2444 1460 2483 mihi
1482 2444 1679 2490 videntur3
1714 2442 1782 2481 sed

88 2515 234 2555 Halmii
266 2515 490 2556 coniectura
521 2518 570 2556 ad
592 2517 703 2558 codd.
727 2516 962 2567 scripturam
984 2516 1155 2555 maxime
1178 2517 1339 2556 accedit.
1372 2516 1544 2555 Kochius
1567 2517 1691 2564 (mus,
1705 2505 1793 2553 Rh.‘

84 2586 160 2628 vol.
185 2588 252 2628 13.
287 2600 325 2637 p.
350 2587 472 2636 284):
507 2588 657 2628 fueris
681 2601 790 2628 sane
811 2587 1031 2627 tribunus
1055 2588 1120 2639 pl.‚
1154 2593 1249 2628 tam
1270 2582 1420 2627 fueris
1442 2587 1781 2638 inquamlege‚

85 2670 223 2709 quam
243 2657 333 2696 fuit
353 2657 427 2696 hic
449 2658 552 2709 ipse
573 2655 766 2711 Villius)
789 2663 827 2697 et
848 2658 1017 2707 Langius
1041 2659 1095 2709 (p.
1122 2662 1196 2699 14:
1231 2659 1381 2697 fueris
1415 2671 1526 2697 sane
1559 2657 1782 2696 tribunus

85 2728 140 2780 pl.
162 2718 342 2779 optimo
373 2727 502 2777 iure,
546 2733 639 2768 tam
670 2729 822 2768 fueris
863 2729 1054 2779 inquam
1094 2730 1214 2779 lege,
1261 2743 1395 2780 quain
1440 2728 1535 2767 fuit
1575 2728 1651 2767 hic
1684 2728 1785 2778 ipse

1 2814 32 2818 ¹·
77 2797 280 2846 2Villius)
312 2813 335 2839 a
366 2799 537 2848 vestigiis
571 2800 749 2839 codicum
779 2800 875 2839 adeo
910 2799 1187 2849 discesserunt,
1229 2805 1271 2839 ut
1311 2800 1349 2838 in
1381 2798 1616 2838 coniecturis
1648 2811 1785 2837 eorum

0 2968 33 2993 »ἒξ

54 2916 56 2918 ,
88 2883 211 2925 parva
243 2869 294 2912 sit
326 2870 590 2924 probabilitas.
