1878 3020
66 170 215 226 {ionem
244 176 293 226 de
322 185 439 225 domo
470 189 508 224 et
538 184 586 224 de
616 183 874 236 haruspicum
905 197 1096 236 responso
1125 188 1229 223 certo
1252 181 1429 222 Ciceroni
1449 181 1594 221 tribuit.
1627 180 1761 231 Neque

69 256 195 306 magis
216 257 300 295 eius
315 255 521 306 discipulo,
542 254 852 305 Wyttenbachio,
878 254 1097 295 Marklandi
1119 253 1415 303 argumentandi
1436 252 1534 291 ratio
1553 250 1759 302 persuasit,

14 324 206 378 {squidin
235 327 314 365 vita
344 325 501 365 Davidis
532 322 790 374 Ruhnkenii1)
824 339 866 364 se
887 326 1117 365 Marklando
1149 323 1331 362 assentiri
1362 322 1528 373 negavit.
1572 321 1761 360 Summus

64 395 284 445 Ernesfius,
317 395 439 435 editor
460 395 659 435 Ciceronis
679 394 880 444 librorum,
914 396 1011 435 adeo
1032 394 1249 434 Marklandi
1278 393 1511 432 sententiam
1532 390 1759 442 repudiavit,

27 516 30 518 ‚
69 471 113 505 ut
142 466 247 505 illius
279 466 565 505 controversiae
595 479 790 517 nusquam
811 480 861 506 ne
881 465 1121 506 mentionem
1142 465 1299 515 quidem
1321 463 1474 503 faceret.
1509 461 1758 510 Garatonius,

42 537 139 588 'qui
168 536 312 576 Wolfio
343 536 514 576 maxime
553 536 715 576 idoneus
746 537 958 586 videbatur,
1001 537 1064 576 cui
1102 536 1169 575 illa
1209 535 1403 575 contentio
1442 534 1759 581 committeretur,

5 627 8 630 ·
44 636 45 639 =
70 607 110 647 in
132 608 289 657 vulgata
310 606 502 646 sententia
523 607 848 658 acquiescendum
877 622 965 648 esse
992 608 1152 660 putavit.
1196 606 1365 654 Interim,
1400 618 1490 645 cum
1521 605 1600 645 iam
1631 603 1760 643 omnis

71 678 347 727 controversia,
370 678 586 718 Marklandi
608 691 728 719 causa
748 680 967 730 desperata,
990 680 1030 718 in
1048 679 1240 720 oblivione
1260 679 1414 727 iaceret,
1438 677 1540 716 Frid.
1559 677 1761 726 Augustus

69 748 250 797 WoIfius,
293 748 529 799 philologiae
568 743 674 801 ἥρως
704 744 916 802 ἐπώνυμος,
948 763 1035 789 eam
1066 749 1360 798 redintegravit3
1400 748 1465 799 qui
1497 759 1600 786 anno
1633 748 1758 788 1801.

17 867 22 872 q
70 819 241 858 Berolini
271 819 359 858 illas
390 819 438 857 IV
459 819 653 858 orationes
685 833 730 859 eo
752 820 915 860 consilio
936 821 1064 868 edidit,
1097 825 1139 858 ut
1161 819 1347 858 Cicerone
1369 831 1437 856 eas
1468 816 1762 866 indignissimas

72 894 110 927 et
129 889 407 927 declamatorio
430 888 558 928 studio
578 889 638 928 vel
660 889 864 929 exercendi
885 890 945 929 vel
966 889 1187 929 ostentandi
1208 888 1351 939 ingenii
1373 901 1494 927 causa
1516 886 1761 938 conscriptas

72 972 160 999 esse
190 960 486 999 demonstraret.
550 959 635 1006 Qua
673 959 713 998 in
752 960 920 999 editione
959 960 1089 998 omnia
1130 962 1178 998 ad
1218 973 1305 999 eam
1339 961 1459 998 unam
1489 972 1570 997 rem
1601 958 1760 1004 rettulit,

71 1034 114 1068 ut
145 1042 211 1068 eas
242 1029 438 1068 orationes
470 1042 517 1068 ex
537 1029 686 1080 integro
718 1030 919 1081 scriptoris
941 1043 1105 1081 corpore
1125 1031 1351 1072 eximendas
1373 1027 1594 1069 ostenderet
1625 1033 1663 1067 et
1693 1028 1763 1067 im—

73 1099 222 1150 primis,
254 1105 297 1138 ut
327 1101 492 1139 lectores
513 1100 666 1140 iudiciis
699 1101 780 1140 suis
812 1101 1022 1152 periclitari
1044 1107 1217 1152 possent,
1251 1101 1453 1140 universas
1474 1099 1691 1139 Marklandi
1723 1104 1760 1138 et

73 1170 234 1210 Gesneri
266 1171 482 1210 contrarias
513 1171 796 1222 disputationes
837 1177 875 1210 et
916 1172 1285 1219 animadversiones,
1331 1171 1414 1210 suis
1446 1183 1621 1221 quasque
1651 1169 1761 1217 locis,

74 1241 216 1292 partim
246 1241 286 1280 in
318 1241 508 1280 vestibulo
540 1242 732 1290 editionis,
766 1242 909 1293 partim
941 1243 1013 1281 sub
1045 1248 1152 1282 textu
1174 1242 1361 1294 repetivit.
1403 1242 1530 1281 Huius
1552 1241 1622 1280 viri
1649 1240 1762 1279 inter-

71 1316 187 1356 ventu
219 1317 327 1351 tanta
358 1312 610 1351 commutatio
642 1318 700 1351 est
731 1314 845 1362 facta,
887 1318 929 1351 ut
960 1326 1095 1352 omnes
1135 1314 1239 1353 illius
1271 1313 1409 1352 aetatis
1440 1312 1510 1351 viri
1541 1311 1643 1351 docti
1674 1311 1762 1350 illas

72 1381 267 1421 orationes
299 1395 370 1434 pro
402 1383 668 1434 suppositiciis
699 1384 899 1423 habendas
930 1397 1018 1423 esse
1049 1384 1329 1425 existimarent.
1386 1383 1514 1434 Atque
1544 1383 1648 1422 haud
1681 1381 1762 1421 scio

72 1466 122 1491 an
152 1466 232 1491 non
262 1454 429 1493 multum
460 1454 653 1502 fallamur,
688 1454 721 1494 si
752 1455 948 1494 neminem
978 1468 1113 1494 eorum
1145 1455 1369 1506 incorrupto
1409 1453 1549 1492 iudicio
1581 1454 1630 1491 ad
1660 1452 1762 1491 hanc

73 1523 344 1573 quaestionem
375 1524 592 1563 accessisse
613 1538 828 1575 omnesque
847 1525 980 1564 Wolfii
1001 1526 1159 1564 nomine
1180 1531 1217 1564 et
1238 1525 1480 1572 auctoritate,
1514 1536 1594 1562 non
1613 1523 1762 1561 ratione

73 1598 110 1631 et
131 1593 166 1631 vi
188 1598 508 1643 argumentorum
528 1607 616 1633 esse
637 1600 841 1646 superatos
864 1595 1066 1635 sentimus.
1100 1595 1227 1643 Quam
1247 1596 1487 1642 festinanter,
1516 1594 1620 1633 velut
1641 1592 1762 1632 armis

74 1664 249 1712 abiectis,
272 1664 311 1703 in
327 1664 460 1704 Wolfii
483 1665 716 1704 sententiam
737 1678 969 1705 concessum
991 1666 1052 1714 sit,
1080 1666 1282 1716 intellegas
1304 1680 1351 1705 ex
1373 1665 1546 1713 Goethei,
1574 1664 1762 1716 principis

74 1739 223 1785 poetae,
255 1747 362 1783 voce,
394 1735 459 1786 qui
485 1735 621 1775 festive
640 1736 736 1776 haec
758 1733 986 1786 narravit22)
1017 1737 1146 1777 Wenn
1167 1737 1237 1777 wir
1258 1737 1339 1776 ihm
1361 1737 1440 1785 (Fr.
1463 1737 1509 1776 A.
1532 1734 1659 1784 Wolf)
1681 1748 1763 1775 nun

74 1806 165 1845 sehr
195 1806 314 1856 willig
334 1808 520 1856 zugaben,
553 1806 639 1846 dass
671 1808 795 1858 einige
815 1809 948 1848 Reden
970 1808 1140 1857 Ciceros,
1172 1822 1239 1847 vor
1259 1810 1383 1847 denen
1404 1808 1475 1846 wir
1495 1809 1570 1846 den
1592 1807 1764 1856 grossten

73 1875 245 1927 Respekt
271 1877 416 1926 hatten,
448 1877 536 1917 weil
558 1878 615 1917 sie
635 1892 682 1919 zu
703 1892 886 1918 unserem
905 1879 1081 1929 wenigen
1102 1879 1236 1919 Latein
1257 1893 1332 1919 uns
1354 1879 1564 1919 behiilflich
1586 1891 1764 1928 gewesen

73 1959 216 1995 waren,
249 1948 311 1986 fiir
332 1953 462 1998 spttter
483 1950 861 2005 untergeschobenes
882 1950 1100 1989 Machwerk
1133 1951 1213 1989 und
1244 1951 1483 1999 keineswegs
1516 1950 1577 1988 fiir
1608 1949 1763 1987 sonder-

76 2016 178 2056 liche
207 2017 463 2058 Redemuster
501 2033 546 2059 zu
578 2020 719 2060 achten
750 2020 867 2070 seien,
910 2034 954 2061 so
984 2021 1114 2060 wollte
1145 2034 1186 2061 er
1216 2034 1291 2060 uns
1322 2022 1494 2071 dagegen
1525 2020 1764 2069 keineswegs

74 2089 255 2137 zugeben‚
287 2089 374 2129 dass
408 2104 500 2129 man
527 2091 628 2130 auch
655 2092 716 2131 die
742 2092 1042 2131 iiberbliebenen
1063 2093 1277 2131 Bildwerke
1304 2093 1405 2132 nach
1436 2092 1541 2131 einer
1570 2091 1764 2141 gewissen

75 2158 261 2209 Zeitfolge
290 2161 586 2200 zuversichtlich
617 2163 764 2202 ordnen
794 2163 932 2202 konne.
985 2163 1031 2212 Ii,
1065 2162 1131 2214 qui
1163 2163 1229 2203 illa
1259 2169 1384 2203 aetate
1413 2162 1611 2202 Ciceronis
1642 2162 1763 2201 libros

75 2230 245 2270 edendos
276 2238 521 2281 curaverunt,
554 2232 644 2275 Chr.
677 2234 774 2274 Dan.
807 2234 922 2283 Beck,
956 2234 1046 2274 Chr.
1071 2234 1177 2274 Gdfr.
1202 2234 1356 2283 Schfitz,
1389 2235 1446 2274 Jo.
1480 2234 1597 2285 Casp.
1629 2233 1761 2281 Orelli,

44 2350 47 2351 ⁷
79 2358 199 2393 favere
225 2358 366 2394 videtur
383 2360 551 2395 deteriori
567 2361 750 2396 locutioni.
777 2361 824 2396 At
843 2361 964 2396 Cicero
981 2364 1172 2406 utrumque
1198 2360 1381 2396 coniunxit
1400 2360 1561 2405 exemplo
1579 2362 1764 2395 oratorum

74 2416 286 2453 Atticorum.

217 2486 245 2532 1)
268 2488 310 2524 V.
332 2490 421 2525 Dav.
439 2491 647 2526 Ruhnkenii
672 2502 693 2525 a
717 2490 863 2526 Daniele
888 2490 1164 2535 wyttenbachio
1189 2489 1333 2533 scripta,
1369 2500 1403 2534 p.
1422 2488 1507 2524 219:
1534 2489 1586 2524 De
1603 2488 1763 2534 epistolis

0 2583 6 2589 ,
75 2546 150 2583 iam
174 2551 257 2583 ante
280 2547 529 2600 Marklandum
553 2550 664 2585 dubia
687 2549 849 2586 move‘rat
863 2549 1031 2585 *Jakohus
1057 2548 1273 2591 Tunstallus,
1306 2549 1343 2583 in
1368 2549 1519 2593 epistola
1544 2549 1590 2584 ad
1614 2549 1763 2584 Middle-

30 2632 34 2639 .
75 2609 212 2650 tonum,
237 2607 334 2643 edita
358 2608 589 2654 Cantabrigii,
617 2609 718 2645 1741.
768 2609 818 2645 De
842 2609 899 2644 his
925 2609 1116 2644 assentior:
1142 2608 1185 2643 de
1211 2607 1445 2643 Orationibus
1469 2618 1544 2642 non
1568 2608 1664 2643 item.
1705 2608 1763 2643 Sic

39 2665 51 2718 -’
74 2663 195 2701 adhdc
219 2665 363 2712 quidem
387 2667 515 2702 sentio.

216 2747 244 2795 ²)
267 2749 309 2785 V.
326 2749 481 2786 Goethes
498 2750 616 2787 Briefe
639 2763 687 2787 an
711 2752 895 2788 Friedrich
921 2752 1058 2796 August
1075 2750 1181 2787 Wolf.
1207 2750 1507 2796 Herausgegeben
1525 2761 1597 2785 von
1613 2749 1765 2786 Michael

18 2788 246 2875 ἓΒοιὌαγε.
294 2803 416 2845 Berlin
441 2808 542 2846 1868.
579 2821 613 2856 p.
641 2810 696 2847 54.
733 2823 817 2848 ann.
842 2810 899 2848 92.

15 2919 33 2927 a·
48 2925 59 2932 v.

0 2933 59 2953 ³⁴⁶5*
121 2936 124 2937 ⁷
