1878 3020
108 238 300 290 ervandae
329 232 463 280 essent
491 233 538 277 in*
563 232 843 286 rogationibus,
877 230 982 274 esset
1013 233 1218 274 sancitum.
1272 230 1522 282 Quamquam
1542 233 1674 270 autem
1695 225 1776 269 fieri

85 308 166 353 non
195 315 359 363 poterat,
391 308 485 360 quin
517 308 650 358 plures
680 318 744 345 res
774 318 821 344 ea
851 305 1185 355 complecteretur,
1217 308 1350 343 tamen
1380 303 1428 341 ad
1456 314 1576 340 unam
1598 300 1777 340 eandem-

68 384 162 435 ⁴que
190 382 382 424 rationem
412 391 550 419 omnes
580 377 859 418 referebantur.
923 375 999 415 Sed
1030 380 1227 425 uteunque
1255 374 1354 413 haec
1384 387 1446 412 res
1479 387 1521 412 se
1558 373 1687 419 habet,
1730 385 1776 410 ea

0 430 43 494 ii
85 454 182 495 haec
213 452 337 493 oratio
368 462 449 490 non
478 449 604 499 magis
635 448 675 487 in
705 446 988 487 dubitationem
1018 451 1191 492 vocatur,
1225 458 1343 496 quam
1365 444 1425 492 iis,
1460 457 1558 495 quae
1585 443 1624 482 in
1646 455 1680 484 c.
1706 444 1773 483 16.

46 557 49 559 .
84 526 277 575 leguntur,
317 521 384 561 ubi
413 520 478 559 W.
511 520 812 558 declamatorem
852 518 893 556 in
932 517 999 555 illa
1036 517 1120 565 lege
1161 510 1311 554 curiata
1349 515 1444 553 nihil
1482 514 1558 551 nisi
1589 511 1775 550 trinundi-

83 606 181 635 num
201 592 422 648 neglectum
452 588 752 641 reprehendisse
780 587 940 629 notavit.
1003 586 1054 626 At
1083 599 1214 626 nonne
1244 586 1284 626 in
1315 598 1401 636 cap.
1437 586 1489 627 13
1523 583 1562 623 in
1594 582 1660 622 illa
1691 582 1775 631 lege

26 702 27 705 ,
81 659 390 716 reprehenditur,
434 662 538 712 quod
578 674 601 698 a
627 659 890 710 *pontificibus
932 671 1058 708 neque
1098 670 1219 697 causa
1259 655 1479 706 adoptionis
1521 666 1646 703 neque
1676 651 1775 690 ratio

30 743 33 746 ”
85 747 284 786 generum,
317 732 530 784 dignitatis,
565 743 769 771 sacrorum
789 734 849 770 est
870 729 1076 781 quaesita?
1107 742 1237 768 nonne
1258 728 1297 768 in
1319 741 1405 778 cap.
1431 728 1497 768 15.
1521 725 1772 774 vituperatur,

84 807 201 857 quod,
240 818 329 844 cum
368 805 436 843 illo
476 803 538 842 die
575 803 623 841 de
654 802 762 841 caelo
794 806 1023 848 servaretur,
1056 801 1119 839 lex
1152 799 1300 838 curiata
1331 799 1378 837 de
1409 795 1546 836 Clodio
1576 796 1658 833 lata
1687 795 1775 831 est?

64 876 216 918 'nonne
247 875 287 914 in
319 888 352 914 c.
388 877 456 915 29.
489 873 642 920 dicitur,
675 872 715 911 in
747 872 814 911 illa
845 871 1054 921 adoptione
1083 871 1254 920 legitime
1286 870 1434 908 factum
1465 879 1554 906 esse
1583 864 1707 903 nihil?

223 956 410 995 Dedimus
451 947 625 1006 operam,
663 958 706 993 ut
744 953 912 1006 dilucide
947 954 996 993 de
1025 954 1141 993 rebus
1174 953 1222 992 ad
1252 951 1459 991 historiam
1491 946 1774 1000 pertinentibus

80 1028 318 1074 diceremus3
351 1039 455 1065 nunc
485 1026 560 1065 hac
591 1029 701 1075 parte
732 1025 912 1063 absoluta
943 1024 1128 1074 sequitur,
1162 1028 1204 1061 ut
1235 1023 1283 1062 ad
1304 1021 1435 1059 Wolfii
1465 1023 1695 1068 argumenta
1726 1030 1773 1055 ex

82 1102 166 1137 arte
196 1095 453 1148 grammatica
483 1095 603 1147 petita
633 1099 895 1136 transeamus.

613 1344 674 1383 III.
706 1343 762 1383 De
793 1343 944 1383 ratione
974 1343 1241 1394 grammatica.

221 1426 264 1465 In
304 1426 379 1465 hac
409 1425 750 1464 commentationis
791 1430 901 1476 parte
931 1425 971 1464 id
1002 1438 1176 1475 agemus,
1219 1430 1261 1464 ut
1298 1438 1344 1464 ea
1374 1425 1542 1463 refutare
1573 1436 1771 1463 conemur.

79 1510 182 1549 quae
213 1501 350 1536 contra
381 1496 556 1546 linguam
595 1501 633 1536 et
664 1496 943 1546 grammaticae
975 1502 1181 1547 praccepta
1211 1496 1251 1535 in
1282 1495 1458 1535 oratione
1488 1496 1537 1534 de
1566 1495 1683 1533 domo
1716 1495 1770 1533 in-

83 1580 171 1607 esse
201 1567 395 1607 dicuntur.
458 1566 532 1613 Qui
563 1571 694 1605 autem
725 1579 782 1614 ea,
825 1579 925 1616 quae
956 1567 1239 1606 consideranda
1270 1578 1549 1617 proponamuS,
1583 1564 1714 1604 animo
1746 1577 1770 1603 a

82 1637 253 1688 partium
293 1637 421 1677 studio
461 1636 587 1676 alieno
626 1637 917 1684 examinaverit,
959 1637 992 1676 ei
1030 1650 1108 1676 non
1149 1642 1294 1675 temere
1324 1637 1420 1675 illud
1451 1641 1622 1674 statuere
1652 1640 1769 1685 atque

78 1707 274 1747 affirmare
306 1706 531 1755 videbimur,
554 1706 688 1746 Wolfii
708 1707 1031 1757 reprehensiones
1052 1707 1141 1746 inde
1172 1712 1278 1746 ortas
1310 1720 1410 1753 esse,
1444 1707 1547 1757 quod
1579 1718 1768 1756 persaepe

76 1778 198 1826 locos,
231 1777 270 1816 in
293 1777 434 1827 quibus
455 1777 594 1825 haesit,
627 1790 706 1816 non
737 1777 941 1828 diligenter
971 1778 1141 1828 inspexit
1172 1783 1220 1825 et,
1253 1790 1352 1827 quae
1382 1777 1422 1815 in
1453 1776 1541 1815 aliis
1569 1776 1768 1815 Ciceronis

65 1847 185 1888 vlibris
216 1847 398 1887 omnibus
431 1847 630 1887 codicibus
662 1847 994 1888 consentientibus
1025 1849 1215 1898 legantur,
1249 1862 1294 1887 ea
1325 1860 1479 1886 summo
1500 1847 1768 1885 Romanorum

76 1922 228 1957 oratore
258 1917 416 1966 indigna
448 1931 535 1956 esse
566 1918 802 1957 existimavit
833 1923 870 1956 et
901 1917 1029 1968 legum
1063 1919 1419 1968 grammaticarum,
1459 1930 1557 1968 quas
1590 1930 1707 1968 saepe
1728 1917 1765 1955 in

74 1988 150 2028 hac
180 1988 355 2027 oratione
385 1977 553 2027 violatas
579 2001 668 2028 esse
698 1989 807 2037 dixit,
840 2002 890 2028 ne
920 1989 1006 2039 ipse
1037 1989 1191 2039 quidem
1224 1990 1320 2028 satis
1352 1994 1434 2028 erat
1466 1989 1624 2039 peritus.
1678 1988 1766 2027 Per-

74 2071 213 2108 gamus
244 2057 324 2097 iam
355 2059 404 2097 ad
436 2058 591 2108 singula
621 2060 851 2098 enarranda.

0 2195 4 2199 Ι
66 2192 68 2194 ¹
215 2139 344 2191 Atque
375 2141 547 2191 primum
578 2141 736 2191 quidem
765 2142 1010 2192 vituperandi
1041 2155 1181 2181 ansam
1211 2142 1380 2181 Wolfius
1411 2142 1576 2192 arripuit
1596 2155 1643 2180 ex
1673 2143 1694 2188 ἓ
1724 2144 1762 2188 3,

74 2210 141 2258 ubi
172 2210 308 2250 Cicero
341 2211 517 2262 scripsit:
551 2212 660 2260 „sed,
694 2211 881 2262 quoniam
911 2212 977 2252 ille
1007 2213 1180 2261 demens,
1214 2212 1247 2251 si
1278 2225 1335 2260 ea,
1369 2225 1469 2262 quae
1499 2225 1570 2261 ego
1602 2225 1671 2262 per
1691 2212 1764 2250 hos

0 2281 25 2330 1³2*
73 2281 157 2322 dies
197 2282 237 2321 in
268 2282 412 2322 Senatu
453 2283 502 2321 de
540 2282 741 2333 republica
772 2282 890 2330 sensi,
932 2283 1204 2333 vituperasset,
1246 2282 1416 2332 aliquem
1456 2295 1499 2321 se
1535 2281 1683 2321 aditum
1714 2282 1764 2322 ad

0 2338 39 2404 ᾆίζ
72 2362 201 2397 aures
219 2357 370 2394 vestras
399 2352 626 2394 habiturum
647 2353 838 2405 putavit.“
890 2353 1069 2394 Scribere
1088 2355 1285 2400 debuerat,
1318 2352 1445 2404 inquit
1465 2365 1617 2400 censor,
1642 2352 1764 2400 „vitu-

50 2422 271 2479 peraret“,
319 2423 352 2462 si
397 2424 516 2463 modo
561 2424 650 2475 ipsa
693 2424 937 2475 vituperandi
978 2424 1130 2464 actione
1167 2423 1316 2463 aditum
1355 2424 1405 2462 ad
1436 2435 1551 2462 aures
1583 2436 1626 2462 se
1657 2422 1766 2463 habi-

0 2482 209 2553 turum·
247 2494 420 2544 putabat.
455 2512 457 2514 ¹
482 2494 559 2534 Sed
597 2494 662 2534 hic
701 2488 1087 2545 plusquamperfecti,
1131 2495 1234 2545 quod
1266 2493 1347 2549 viqe
1377 2493 1613 2532 coniunctivi
1633 2494 1763 2533 'futuri

68 2562 473 2629 {12-.'l,’ungitur‚gususg
495 2563 610 2604 facile
639 2564 870 2615 defenditur.
917 2565 1033 2607 ‘Nam
1053 2564 1214 2605 Clodius
1242 2562 1394 2604 aditum
1425 2563 1474 2604 ad
1513 2576 1630 2604 aures
1671 2576 1765 2615 pon·

39 2622 221 2700 artificum
249 2634 394 2689 habere
418 2636 520 2675 aut
529 2647 609 2685 eos
647 2630 858 2677 benevolos
896 2637 1024 2687 facere
1053 2648 1131 2675 non
1162 2634 1302 2687 potuit,
1343 2633 1419 2674 nisi
1450 2638 1541 2674 ante
1568 2633 1618 2674 'ea
1646 2635 1766 2674 verba

65 2689 235 2768 fecerat
259 2698 378 2759 quae
377 2700 525 2748 audiri
549 2694 686 2755 voluit.
747 2704 875 2759 Saepe
903 2705 959 2747 ita
988 2705 1123 2746 Latini·
1145 2705 1275 2746 futuro
1306 2704 1350 2745 Π.
1373 2709 1511 2746 contra
1539 2705 1665 2746 nostri
1686 2718 1765 2746 ser·

27 2764 112 2811 ’έᾷ-
83 2795 115 2809 ⁶-
149 2774 580 2839 demem
579 2773 661 2816 usi
670 2776 788 2832 sunt.-
844 2776 1026 2826 Longum
1055 2778 1130 2816 est
1145 2774 1264 2818 huius
1294 2788 1405 2825 usus,
1448 2776 1514 2828 qui
1551 2789 1600 2816 ex
1637 2789 1765 2827 gram-

132 2837 221 2893 fiet
245 2830 416 2905 onustat,
448 2846 630 2936 exempla
658 2828 828 2889 afferre
831 2846 893 2890 cf
927 2839 1076 2898 Saveh,
1109 2844 1328 2889 Comment.
1361 2860 1400 2899 p.
1434 2850 1474 2895 6.
1569 2868 1572 2870 >

1480 2916 1502 2955 4
1522 2901 1524 2903 ,
