1878 3020
71 229 268 290 ¹mannus,
305 239 463 280 illarum
499 239 757 291 epistolarum
793 242 1009 281 acerrimus
1041 241 1240 289 defensor,
1282 239 1425 279 docuit.
1497 238 1680 280 Ceterum
1719 253 1768 279 ne

0 297 23 363 J'Ts
74 324 166 367 vera
196 311 355 363 quidem
385 324 473 350 esse
504 323 562 359 ea,
596 305 967 361 quaeMarklandus
999 313 1047 350 de
1067 324 1141 350 usu
1163 310 1268 349 verbi
1290 311 1521 350 exturbandi
1541 310 1766 361 disputavit,

77 381 145 420 sed
177 380 439 429 „exturbare“
471 381 575 431 apud
597 380 825 421 Ciceronem
856 382 975 422 etiam
1005 381 1183 421 absolute
1214 380 1307 431 poni
1338 381 1437 429 dico,
1471 380 1658 431 quoniam
1689 380 1768 419 illis

2 485 4 487 ,
76 451 174 502 ipsis
205 451 323 499 locis,
363 451 404 490 in
441 464 501 502 ep.
526 452 574 490 ad
595 451 674 491 Att.
698 452 790 500 VIII,
818 454 870 493 16
903 458 941 492 et
973 457 1070 491 orat.
1095 465 1165 503 pro
1188 451 1367 490 Cluentio
1399 464 1433 492 c,
1459 455 1482 491 5
1516 451 1611 490 nihil
1651 451 1766 500 cogit,

76 526 119 560 ut
150 534 197 561 ex
230 521 546 560 antecedentibus
583 522 641 561 vel
679 521 973 573 insequentibus
1010 522 1137 561 verbis
1178 521 1391 572 quidquam
1428 522 1477 560 ad
1508 522 1668 560 verbum
1705 534 1768 559 ex·

75 591 256 631 turbandi
288 592 529 643 suppleatur.

216 659 305 699 Non
335 660 466 699 minus
498 665 628 701 autem
661 662 801 700 erravit
820 662 1074 701 Marklandus
1096 662 1134 700 in
1158 674 1243 711 cap.
1267 659 1444 699 XXXXV
1466 660 1486 706 ἓ
1512 660 1608 707 118,
1640 659 1707 713 ubi
1729 659 1768 698 in

4 730 8 732 ’
75 729 202 768 verbis
234 735 408 780 „quanta
440 736 500 769 est
530 731 570 769 in
598 732 846 770 adulescente
873 731 1112 771 auctoritas“
1145 744 1361 782 pronomen
1394 729 1595 780 „quanta“
1627 735 1768 769 notans

75 800 431 852 ,‚quantacunque“
453 802 512 840 vel
535 807 739 852 „quanta
760 802 977 853 quanta“,
1011 801 1113 854 quod
1136 803 1173 841 iu
1198 802 1277 841 Cic.
1302 801 1544 841 orationibus
1571 814 1768 851 nusquam

73 862 230 920 legiturj
248 872 468 922 exspectari
489 872 682 914 iudicavit.
732 873 808 912 Sed
830 874 922 924 quid
943 874 1039 912 haec
1061 872 1254 912 sententia
1276 872 1350 911 sibi
1371 872 1473 920 velit,
1496 871 1768 910 Marklandum

74 941 190 991 plane
211 941 319 991 fugit.
362 942 514 981 Etenim
543 942 599 981 sic
626 949 753 982 vertas
781 944 886 983 hunc
907 944 1058 982 locum:
1093 943 1265 981 insofern
1288 943 1350 981 ein
1378 942 1562 990 Jiingling
1583 941 1768 979 Ansehen

73 1010 222 1049 besitzt.
256 1011 461 1057 Quomodo
488 1017 619 1050 autem
642 1025 731 1062 pro:
756 1014 888 1062 „quod
904 1011 1176 1051 meminerim“
1195 1011 1271 1050 dici
1293 1016 1421 1062 potest
1443 1016 1663 1061 „quantum
1684 1022 1763 1048 me·

74 1079 210 1128 mini“,
244 1080 300 1119 sic
328 1080 367 1120 in
396 1081 470 1120 hac
499 1082 690 1121 sententia
712 1082 847 1121 Cicero
880 1084 1056 1132 neglecta
1077 1083 1221 1121 usitata
1244 1081 1459 1120 locutione:
1494 1093 1622 1131 „quae
1649 1080 1699 1118 sit
1728 1080 1766 1119 in

74 1150 324 1190 adulescente
345 1151 586 1190 auctoritas“
610 1152 688 1200 illa,
712 1165 812 1202 quae
830 1152 1057 1192 Marklando
1071 1152 1325 1202 vituperanda
1340 1151 1553 1198 videbatur,
1576 1163 1673 1189 usus
1695 1154 1765 1189 est.

216 1222 301 1269 Quo
333 1222 415 1260 iure
435 1222 604 1261 Wolfius
632 1222 672 1261 in
694 1235 780 1273 cap.
798 1223 1008 1261 XXXXVII
1030 1224 1051 1270 ἓ
1076 1225 1156 1263 122
1181 1221 1512 1260 constructionem
1538 1222 1764 1259 verborum:

74 1304 222 1341 „quum
253 1292 413 1335 domum
445 1291 681 1341 dedicasses,
720 1297 854 1342 posset
885 1292 923 1331 id
960 1292 1184 1343 respublica
1216 1292 1435 1331 sustinere“
1467 1292 1648 1330 vitiosum
1679 1304 1767 1330 esse

73 1361 325 1409 contenderit,
357 1362 581 1411 intellegere
608 1375 686 1401 non
717 1375 890 1412 possum.
936 1363 1036 1401 Nam
1056 1349 1162 1401 recte
1194 1376 1236 1401 se
1267 1363 1395 1402 habet.
1438 1361 1605 1400 Wolfius
1634 1367 1765 1400 autem

72 1430 156 1469 eius
177 1430 255 1469 vim
276 1435 314 1470 et
334 1437 514 1471 naturam
538 1432 787 1483 perspexisse
808 1446 886 1472 non
899 1432 1060 1472 videtur.
1095 1433 1164 1471 Est
1185 1438 1316 1472 autem
1337 1431 1622 1479 coniunctivus,
1647 1445 1764 1481 quem

73 1501 317 1550 grammatici
339 1507 477 1541 vocant
505 1502 811 1542 deliberativum.
856 1503 949 1542 Eius
981 1503 1205 1553 exemplum
1235 1503 1325 1542 huic
1358 1501 1602 1541 simillimum
1633 1506 1693 1541 est
1724 1502 1763 1540 in

73 1585 132 1622 ep.
156 1573 205 1611 ad
237 1572 310 1619 Qu.
334 1572 396 1614 Fr.
421 1573 447 1620 l,
473 1575 517 1614 3:
556 1573 636 1622 Ego
668 1573 737 1612 tibi
768 1574 984 1613 irascerer?
1016 1573 1086 1612 tibi
1117 1586 1187 1622 ego
1220 1586 1378 1623 possem
1408 1572 1551 1611 irasci?

214 1642 399 1682 Similiter
419 1643 586 1682 Wolfius
608 1643 648 1682 in
670 1656 702 1683 c.
721 1643 779 1683 LI.
804 1640 827 1694 ἓ
845 1646 926 1685 132
949 1643 1184 1682 locutionem
1208 1643 1270 1691 „si
1298 1643 1390 1693 quid
1410 1641 1644 1681 deliberares
1668 1672 1676 1680 .
1697 1672 1706 1680 .
1727 1671 1735 1680 .
1754 1669 1763 1678 .

72 1713 120 1751 ad
153 1712 376 1762 pontificem
407 1713 643 1752 detulisses“
669 1698 902 1763 *suspectam
932 1714 1092 1752 reddere
1123 1718 1286 1751 conatus
1318 1718 1389 1751 est.

215 1782 274 1821 Ad
292 1795 379 1821 eam
396 1784 581 1822 tuendam
598 1783 693 1822 satis
714 1783 838 1822 habeo
854 1796 899 1822 ea
916 1784 1064 1831 afferre,
1087 1796 1189 1833 quae
1204 1796 1227 1822 a
1243 1782 1433 1831 Madvigio
1453 1782 1493 1820 in
1510 1780 1765 1830 grammatica

13 1901 17 1904 .
72 1852 193 1891 latina
225 1853 262 1899 (ἓ
286 1855 365 1893 351
393 1858 525 1891 annot.
550 1853 593 1900 4)
625 1854 673 1891 de
702 1853 819 1892 huius
851 1852 1084 1891 coniunctivi
1112 1852 1147 1891 vi
1177 1858 1268 1892 sunt
1296 1852 1486 1903 exposita,
1511 1844 1612 1889 vsunt
1633 1855 1764 1889 autem

71 1922 185 1962 haec:
223 1922 300 1962 Der
322 1922 552 1974 Conjunctiv
587 1924 655 1964 des
683 1924 957 1975 Imperfectum
977 1924 1057 1963 und
1083 1924 1516 1975 Plusquamperfectum
1549 1922 1650 1961 steht
1681 1922 1763 1970 (an-

70 1994 208 2031 ratend
234 1994 314 2033 und
343 1994 563 2041 befehlend)
595 1995 888 2046 imperativisch
917 2007 992 2033 von
1013 1995 1115 2042 dem,
1148 2007 1230 2033 was
1262 1994 1369 2033 hatte
1398 1993 1617 2043 geschehen
1639 1992 1764 2031 sollen

18 2117 21 2119 -
74 2062 148 2112 (1111
180 2063 397 2113 Gegensatz
429 2077 475 2103 zu
506 2065 611 2104 einer
642 2065 983 2114 vorhergehenden
1004 2065 1167 2114 Angabe
1197 2066 1265 2104 des
1287 2063 1602 2111 Geschehenen):
1646 2062 1763 2101 Curio

4 2190 7 2191 γ
73 2145 236 2182 causam
267 2134 644 2185 Transpadanorum
673 2147 839 2185 aequam
876 2147 964 2174 esse
994 2134 1165 2174 dicebat:
1214 2147 1369 2185 semper
1406 2138 1538 2173 autem
1576 2133 1761 2172 addebat:

42 2202 380 2262 ''Vincat-utilitas
400 2195 667 2255 reipublicae?
691 2205 826 2244 Potius
848 2205 1004 2256 diceret,
1035 2218 1114 2243 non
1136 2218 1224 2243 esse
1244 2217 1422 2254 aequam,
1446 2203 1539 2253 quia
1559 2215 1638 2242 non
1660 2207 1766 2241 esset

3 2308 20 2311 ,1
48 2273 52 2313 ζ
73 2271 181 2312 utilis
201 2272 451 2332 reipublicae,
484 2288 622 2326 quam,
643 2287 770 2326 ⁴quum
800 2283 880 2314 non
906 2274 1041 2314 utilem
1069 2274 1225 2323 diceret,
1258 2286 1347 2313 esse
1372 2286 1540 2325 aequam
1566 2273 1763 2313 fateretur.

75 2342 174 2393 (Cic.
195 2344 259 2383 off.
282 2343 343 2392 III,
367 2345 455 2393 22.)
496 2341 622 2384 Multa
649 2345 766 2393 huius
787 2344 1021 2384 coniunctivi
1051 2344 1187 2384 iussivi
1214 2344 1393 2395 exempla
1414 2343 1612 2394 congessit
1631 2343 1763 2383 Halm.

66 2413 124 2453 ‘ad
145 2423 202 2453 or.
225 2425 297 2464 pro
319 2412 430 2454 Sulla
449 2414 543 2464 VIII,
567 2418 634 2457 25.
665 2414 799 2462 Haec
838 2419 970 2465 autem
1009 2419 1102 2454 sunt
1138 2415 1347 2466 desumpta
1385 2427 1434 2454 ex
1470 2413 1591 2453 Tullii
1630 2413 1764 2454 libris·

0 2472 271 2547 [‚3‚.,2—p:·0230
277 2485 349 2534 16,
357 2487 440 2532 46
472 2485 526 2527 At
555 2498 627 2536 ego
657 2486 753 2553 hoc
763 2485 872 2559 dico:
905 2484 951 2533 si,
985 2489 1028 2524 ut
1056 2483 1184 2536 primo
1210 2484 1251 2523 in
1271 2483 1434 2550 castello
1454 2482 1648 2525 Caecinae
1657 2484 1767 2564 dixit
1838 2480 1841 2481 ⁷

478 2684 486 2702 ³
511 2668 553 2723 ⁴.
545 2668 606 2692 ”
633 2672 655 2678 ι’
681 2672 687 2681 ’
702 2670 722 2691 '³'
663 2670 897 2762 51111111
866 2708 915 2740 ae
919 2693 1074 2758 procul
1088 2693 1302 2750 conspexit
1314 2699 1502 2744 armatos
1519 2692 1767 2747 recessisset,
1794 2682 1797 2684 v

669 2772 674 2778 '
698 2772 730 2807 ‘i‘
864 2763 987 2811 57
989 2763 1127 2828 de
1132 2764 1261 2817 emm
1274 2764 1427 2810 debmt
1415 2766 1598 2832 praetor
1626 2754 1775 2846 sacci-a.
1868 2829 1872 2832 ι
