1878 3020
711 0 715 3 ,
756 0 841 46 ··f--.
877 0 973 39 ω.
1022 10 1096 29 ὴ

82 110 254 165 publico.
306 111 557 156 Manifestum
576 118 650 165 est,
681 88 820 168 inquit,
841 115 951 157 haec
971 102 1081 158 male
1096 106 1306 158 cohaerere
1330 112 1420 158 cum
1581 164 1598 170 ‚.

81 195 131 225 ex
162 196 240 236 quo
270 185 360 237 quis
391 186 524 227 locum
553 188 788 228 lacunosum
818 200 908 228 esse
938 187 1117 228 coniciat.
1180 187 1258 228 Sed
1288 186 1436 240 optime
1454 160 1565 251 verb,

86 266 151 294 me
180 268 260 295 non
283 287 430 299 .....
453 259 538 298 ἰιιιξ
570 258 754 310 publico“
786 257 997 298 cohaerent
1017 250 1117 298 cum
1157 258 1494 307 antecedentibus,
1509 248 1649 308 ,mode

82 319 341 376 explicentur?
370 336 374 341 '
405 329 513 369 Haec
544 334 675 369 autem
707 333 768 369 est
799 328 1015 368 sententia:
1058 328 1195 368 Cicero
1225 328 1331 376 dicit,
1371 328 1486 380 (nego
1516 316 1728 380 potuisse⁴²²

82 396 235 438 detrahi
267 399 410 450 possit)
444 413 486 439 se
517 404 654 440 contra
684 412 801 439 omne
839 399 900 438 ius
941 398 1142 450 publicum
1179 412 1201 438 e
1232 399 1358 450 patria
1387 412 1476 440 esse
1506 399 1672 448 eiectum

81 466 159 507 hac
189 481 232 508 re
262 469 286 509 i.
320 482 353 509 e.
386 471 434 509 de
464 471 573 510 laeso
603 470 687 509 iure
718 469 874 520 publico
907 482 949 509 se
981 482 1069 509 esse
1108 474 1311 518 acturum;
1353 482 1432 509 non
1472 474 1651 515 acturum

85 537 261 587 (videsne
294 571 302 580 .
328 572 337 580 .
362 572 370 580 .
396 572 404 581 .
437 554 571 581 versor
608 540 646 580 in
688 540 817 581 medio
848 541 932 580 iure
965 540 1137 592 publico)
1169 545 1306 580 contra
1336 541 1398 580 ius
1429 530 1672 592 pontificium
1729 592 1731 594 q

82 609 192 649 dium
224 611 424 651 tribunum
454 611 589 651 fuisse.
651 610 703 650 At
733 611 883 651 videtur
914 616 1045 651 orator
1075 611 1115 651 in
1147 611 1215 660 eis,
1255 624 1355 663 quae
1386 611 1520 652 statim
1551 610 1745 671 sequuntu

83 693 108 719 a
137 682 265 721 verbis
298 683 429 733 „quod
459 687 530 730 est,
574 682 791 732 pontifices,
825 683 887 722 ius
918 682 1169 733 adoptionis“
1201 696 1327 733 usque
1358 684 1407 722 ad
1434 687 1650 722 extremam
1676 669 1750 731 §⁵⁷4

83 749 124 789 in
163 764 252 790 eam
292 752 526 791 sententiam
557 753 771 803 disputare,
815 752 941 792 Clodii
981 757 1118 792 contra
1147 752 1209 792 ius
1241 752 1483 804 pontificium
1516 751 1663 792 factam
1691 763 1735 808 es

83 822 335 872 adoptionem
368 823 530 873 eiusque
560 824 802 862 tribunatum
834 837 922 862 esse
954 824 1178 865 concidere:
1234 824 1310 863 Sed
1351 823 1498 871 Cicero,
1541 823 1713 874 quamqu

81 891 121 931 id
142 893 294 942 agebat,
328 897 370 932 ut
393 893 467 932 sibi
489 898 626 933 contra
647 893 708 933 ius
731 894 932 945 publicum
954 907 1057 946 aqua
1078 899 1115 934 et
1136 894 1216 945 igni
1238 894 1486 934 interdictum
1517 906 1604 934 esse
1624 894 1782 949 doceret

82 967 119 1002 et
150 968 276 1002 totum
308 963 368 1002 ius
401 964 645 1014 pontificium
676 965 883 1012 omitteret,
917 970 1047 1004 tamen
1080 965 1295 1005 subsecivis
1327 965 1469 1016 operis,
1501 969 1545 1004 ut
1565 963 1797 1014 aiunt,'iuss

84 1033 327 1085 pontificium
359 1035 592 1086 interposuit
623 1040 661 1075 et
692 1036 852 1075 demum
883 1036 993 1076 initio
1015 1038 1037 1084 ἓ
1060 1039 1115 1079 43
1147 1036 1299 1085 (Fueris
1322 1050 1417 1076 sane
1437 1035 1617 1076 tribunus
1639 1022 1797 1088 plebis)x

83 1107 133 1146 ad
174 1106 323 1146 iustum
363 1107 540 1146 ordinem
579 1107 732 1146 rediens
773 1108 869 1146 nihil
911 1109 959 1147 de
991 1120 1033 1147 se
1063 1108 1146 1147 iure
1177 1108 1333 1159 publico
1365 1112 1508 1155 actum,
1551 1108 1619 1147 sed
1649 1106 1787 1151 omnia*-

82 1182 220 1216 contra
251 1178 358 1227 leges
390 1183 500 1226 gesta
532 1191 620 1217 esse
650 1179 905 1217 demonstrat.
968 1179 1043 1218 Ubi
1075 1179 1191 1228 igitur
1221 1184 1280 1218 est
1300 1179 1368 1217 illa
1389 1179 1541 1225 lacuna,
1575 1191 1694 1228 quam
1713 1177 1779 1218 W.

82 1247 229 1295 statuit,
272 1260 351 1286 non
391 1247 641 1287 librariorum
681 1248 925 1297 oscitatione,
968 1250 1036 1288 sed
1077 1250 1194 1300 culpa
1233 1248 1399 1288 oratoris
1439 1247 1620 1301 dissipati
1659 1239 1787 1301 nata?

80 1318 229 1356 Deinde
249 1318 419 1357 Wolfius
451 1319 584 1357 irridet
616 1319 870 1358 sententiam:
907 1319 1029 1367 „Dico
1052 1321 1155 1370 apud
1178 1320 1394 1370 pontifices,
1427 1331 1595 1368 augures
1616 1307 1798 1365 adsunta

80 1401 218 1428 versor
249 1388 288 1428 in
322 1388 449 1428 medio
481 1389 565 1429 iure
596 1389 780 1440 publico“
814 1389 887 1438 (sic
919 1390 1024 1430 enim
1055 1395 1115 1429 est
1147 1387 1532 1441 interpungendum).
1575 1387 1782 1437 Quomodo

81 1459 198 1506 enim,
240 1459 377 1509 inquit,
422 1459 509 1510 quis
552 1472 594 1498 se
633 1460 780 1499 versari
820 1465 929 1510 putet
970 1461 1008 1499 in
1047 1461 1176 1500 medio
1207 1461 1303 1508 iure,
1345 1460 1385 1498 in
1416 1459 1544 1498 media
1574 1457 1859 1508 ιιιξοωςίαμνῃζῑ

80 1541 172 1567 cum
203 1528 238 1568 ei
269 1528 480 1568 dicendum
511 1534 571 1569 est
603 1542 736 1569 coram
769 1530 933 1581 collegio
965 1531 1170 1570 doctorum
1201 1530 1296 1569 iuris
1328 1531 1385 1570 vel
1414 1528 1642 1579 theologiae.
1705 1526 1783 1569 Sed

82 1598 175 1648 quid
207 1599 345 1638 Cicero
377 1600 580 1639 declarare
611 1601 735 1649 vellet,
768 1601 832 1640 W.
859 1602 974 1652 plane
1010 1602 1119 1650 fugit.
1171 1601 1271 1640 Nam
1305 1601 1361 1640 sic
1393 1601 1668 1651 interpretatus
1699 1601 1860 1645 est:

82 1669 281 1717 Quoniam
309 1671 414 1721 apud
447 1671 653 1721 pontifices
685 1671 902 1711 orationem
934 1672 1071 1720 habeo,
1104 1672 1144 1711 in
1175 1672 1302 1711 medio
1334 1671 1417 1711 iure
1448 1669 1604 1722 publico
1635 1682 1878 1711 versor.

81 1740 229 1780 Verum
261 1741 293 1780 si
335 1742 390 1781 ita
431 1755 494 1781 res
536 1755 578 1781 se
618 1742 789 1790 haberet,
833 1744 1066 1782 vocabulum
1098 1742 1288 1791 ,‚versor“
1321 1755 1400 1782 non
1444 1742 1615 1792 primum
1650 1742 1782 1781 locum
1816 1729 1878 1797 f}·'

81 1814 242 1859 teneret,
286 1813 354 1851 sed
396 1818 485 1862 post
525 1813 636 1860 „iure
669 1813 852 1864 publico“
885 1819 990 1853 esset
1033 1814 1218 1864 positum.
1283 1813 1358 1852 Sed
1390 1826 1438 1852 ex
1469 1813 1544 1852 hoc
1574 1810 1862 1855 verborum

81 1881 218 1921 ordine
247 1894 494 1933 consequens
516 1888 588 1931 est,
621 1884 758 1923 verba:
794 1896 954 1931 „versor
985 1884 1024 1923 in
1057 1884 1184 1923 medio
1206 1883 1289 1923 iure
1311 1882 1494 1934 publico“
1526 1881 1784 1927 antecedenti·
1829 1873 1869 1944 3³³4

79 1953 155 1991 bus
177 1965 266 1991 esse
287 1954 470 2004 opposita
490 1959 528 1993 et
549 1954 652 1993 idem
688 1955 814 1993 valere
845 1967 911 1993 ac:
947 1955 1044 2002 „sed
1075 1954 1115 1993 in
1147 1954 1275 1993 medio
1306 1953 1389 1992 iure
1421 1953 1577 2003 publico
1607 1951 1781 2000 versor“‚
1863 2007 1868 2010 ᾖ

80 2027 170 2062 aut:
207 2035 479 2074 „quamquam
511 2024 587 2064 hoc
619 2024 723 2075 apud
755 2024 961 2075 pontifices
993 2023 1093 2072 dico,
1126 2028 1259 2063 tamen
1289 2023 1329 2062 in
1361 2023 1489 2062 medio
1519 2023 1603 2063 iure
1624 2022 1796 2074 publico·

80 2093 258 2136 versor“‚
320 2094 444 2134 Porro
475 2095 594 2134 verba
626 2095 741 2143 „dico
771 2095 877 2145 apud
900 2093 1131 2146 pontifices“
1163 2092 1366 2134 referenda
1386 2093 1548 2133 suntad
1567 2092 1654 2142 illa,
1674 2106 1708 2155 q
1735 2135 1737 2138 Α

80 2165 317 2205 antecedunt
348 2177 503 2217 „neque
541 2164 636 2205 illud
667 2177 814 2216 agere.
908 2164 1126 2217 ,gessisse
1155 2163 1268 2206 iure“
1343 2163 1452 2208 Haec
1482 2167 1543 2204 est
1571 2162 1688 2215 igitur
1717 2175 1782 2204 ex·

81 2235 262 2288 plicatio:
305 2236 421 2299 „lure
461 2236 662 2291 pontificio
700 2249 782 2277 non
819 2236 928 2277 fuisti
967 2236 1147 2277 tribunus
1180 2199 1319 2295 plebis,
1355 2234 1476 2275 hodie
1488 2246 1565 2302 ξε
1578 2232 1680 2286 pau
1717 2243 1798 2278 us.

80 2306 234 2347 Tamen
263 2305 363 2347 haec
403 2307 530 2347 solam
561 2307 612 2347 ob
642 2319 731 2348 eam
761 2316 927 2348 causam
955 2307 1057 2367 dico,
1089 2307 1199 2359 quod
1226 2302 1336 2383 apud
1362 2301 1570 2359 pontifices
1599 2293 1683 2356 mah

10 2400 13 2402 -
60 2375 272 2450 ,cendum
278 2381 363 2455 est3
382 2378 467 2444 sed
496 2389 583 2431 non
599 2389 702 2447 curo
733 2377 802 2417 ius
817 2377 1077 2435 pontificium
1095 2378 1157 2452 ξι
1151 2375 1226 2447 ιιι
1243 2375 1251 2385 ”
1334 2388 1336 2392 ·
