1878 3020
776 90 1058 155 ..35-

45 287 49 289 p
209 233 338 276 XLVI.
368 232 464 276 121.
499 230 629 272 Nihil
659 231 829 284 loquor
858 232 912 273 de
940 231 1192 284 pontificio
1221 229 1340 279 iure,
1373 228 1493 269 nihil
1524 228 1578 269 de
1608 227 1762 280 ipsius

67 306 225 346 verbis
256 303 588 345 dedicationis.
635 304 893 343 Scribendum
914 303 1083 343 videtur:
1116 302 1236 342 nihil
1267 301 1320 340 de
1351 300 1472 351 ipsis
1505 300 1663 339 verbis
1695 301 1762 339 de-

69 376 331 418 dicationis
364 374 462 424 (H.).
495 374 597 414 Nam
627 374 784 415 verbis
816 379 876 414 est
906 375 1174 426 premendum.

208 458 354 499 XLVII.
394 459 489 499 122.
547 457 640 507 Ego
681 470 788 496 vero
835 457 875 496 si
914 456 1070 496 onmia
1117 454 1430 495 sollemnibus
1472 453 1647 500 verbis,
1699 465 1761 492 ve-

68 529 249 569 teribus
282 528 560 587 etnproditis
591 527 835 567 institutis
868 532 973 568 acta
999 540 1104 567 esse
1134 526 1353 566 dicerem.

207 622 284 661 Pro
315 621 518 673 proditis
549 621 694 661 habent
726 621 879 661 codices
917 634 1076 661 omnes:
1121 619 1361 671 praeditis.
1412 616 1598 665 Quamvis
1631 621 1761 656 autem

65 692 364 742 Naegelsbachii
410 693 645 740 coniectura,
695 692 761 742 qui
797 693 1002 742 proditis
1042 691 1257 742 proposuit,
1301 691 1349 728 ad
1381 689 1491 729 codd.
1525 688 1761 737 scripturam

64 763 235 811 accedat,
268 767 400 802 tamen
430 763 535 802 malo
567 775 658 802 cum
687 762 878 813 Madvigio
909 762 1103 802 traditis
1136 761 1318 801 scribere.
1352 759 1454 798 Nam
1484 758 1580 797 haec
1612 758 1761 796 coniec-

64 838 152 872 tura
182 838 220 872 et
251 833 384 872 sensui
415 833 541 882 magis
572 835 784 884 respondet
814 847 939 884 neque
969 834 1125 884 longius
1157 847 1180 872 a
1211 833 1324 871 codd.
1346 830 1519 879 vestigiis
1551 829 1728 869 discedit.

204 925 350 964 XLVII.
376 927 471 966 123.
496 925 535 964 si
557 926 776 965 tribunus
799 927 858 976 pl.
882 926 1038 965 verbis
1060 938 1151 964 non
1173 923 1328 963 minus
1351 921 1525 973 priscis
1548 926 1592 961 et
1614 934 1762 972 paene

65 994 380 1032 sollemnibus
414 995 535 1034 bona
567 996 836 1046 cuiuspiam
866 995 1178 1034 consecrarit.

204 1075 441 1127 Recipienda
480 1082 540 1116 est
570 1077 713 1116 Baiteri
751 1077 994 1116 coniectura:
1041 1076 1182 1127 priscis
1214 1080 1260 1114 et
1292 1067 1439 1125 aeque
1481 1073 1760 1119 sollemnibus;

65 1160 157 1185 nam
188 1146 252 1185 hic
283 1147 334 1186 sit
365 1161 506 1187 sensus
539 1152 711 1198 oportet:
747 1161 897 1198 „prope
928 1148 1080 1195 iisdem,
1122 1145 1263 1197 quibus
1292 1150 1454 1184 utuntur
1479 1144 1680 1195 pontifices
1712 1144 1761 1182 ad

67 1217 419 1257 consecrandum“.
454 1217 701 1266 (Manutius.)

205 1299 264 1339 IL.
312 1302 407 1340 128.
462 1299 797 1338 statuebantur
848 1297 973 1346 arae,
1027 1311 1145 1349 quae
1197 1298 1477 1347 religionem
1529 1297 1761 1335 afferrent

65 1367 215 1418 ipsae,
250 1369 288 1408 si
319 1370 423 1408 loco
455 1374 614 1409 essent
644 1374 957 1408 consecratae
979 1400 987 1408 .
1013 1400 1021 1408 .
1048 1402 1056 1409 .

205 1450 330 1499 Magis
350 1464 469 1500 quam
486 1451 783 1500 Naegelsbachii
800 1450 1023 1490 coniectura
1038 1451 1218 1501 Madvigii
1235 1452 1437 1500 probanda
1452 1455 1524 1497 est,
1549 1451 1615 1500 qui
1637 1451 1676 1488 in
1698 1452 1761 1489 ad·

65 1533 167 1562 vers.
193 1521 276 1560 crit.
300 1525 326 1560 t.
350 1521 376 1560 Ι.
401 1535 439 1571 p.
464 1524 518 1561 36
551 1520 729 1571 scripsit:
772 1521 865 1571 ipsi
897 1520 936 1559 ei
967 1522 1069 1560 loco
1107 1534 1195 1571 quo
1233 1526 1395 1560 essent
1432 1526 1758 1569 consecratae,

67 1594 245 1629 statuens
277 1603 367 1640 quo
400 1595 490 1640 post
521 1591 624 1629 loco
656 1590 805 1629 omisso
837 1590 876 1629 ei
908 1590 947 1628 in
979 1590 1018 1629 si
1050 1590 1285 1640 particulam
1316 1603 1404 1629 esse
1435 1595 1640 1630 mutatum.
1684 1590 1760 1630 Sed

65 1659 304 1709 probabilius
337 1665 407 1706 est,
451 1660 488 1698 si
530 1661 722 1709 syllabam
753 1673 822 1710 per
852 1660 1156 1717 dittograpliiam
1188 1661 1296 1711 (ipsi)
1328 1674 1416 1700 esse
1447 1666 1598 1707 ortam3
1631 1660 1761 1711 itaque

65 1729 122 1767 sic
153 1734 213 1768 est
244 1729 510 1769 scribendum:
546 1743 646 1781 quae
676 1729 904 1779 religionem
936 1730 1117 1769 afferrent
1148 1730 1224 1781 ipsi
1256 1732 1354 1778 loco,
1399 1743 1476 1781 quo
1508 1735 1641 1770 essent
1671 1743 1760 1769 con-

65 1804 230 1839 secrata.
264 1799 350 1847 (H.)

204 1882 246 1920 L.
273 1883 367 1923 129.
401 1880 599 1930 imperia
630 1881 1029 1921 adscribebantur
1060 1895 1179 1921 nova
1211 1882 1458 1921 iuventuti.
1503 1882 1614 1929 Quod
1636 1895 1761 1932 nuper

63 1951 280 2001 Madvigius
302 1951 342 1989 in
363 1951 512 1990 advers.
538 1951 622 1992 crit.
647 1951 735 1991 t.11.
756 1964 795 2002 p.
811 1955 894 1992 224
915 1951 1036 1990 voluit
1068 1952 1269 2002 imperia
1290 1952 1621 1991 scribebantur
1641 1965 1760 1991 nova

63 2021 298 2061 iuventuti
313 2021 393 2060 iam
409 2021 626 2060 Lambinus
645 2026 890 2072 poposcerat,
910 2034 1000 2060 curn
1016 2022 1160 2061 diceret
1181 2023 1583 2062 adscribebantur
1602 2028 1760 2073 propter

62 2099 90 2130 a
120 2092 299 2131 ultimam
332 2091 509 2130 vocalem
539 2091 710 2130 nominis
743 2091 944 2141 imperia
975 2104 1064 2130 esse
1084 2092 1269 2141 positum.
1304 2092 1380 2130 Sed
1401 2105 1642 2142 quamquam
1672 2093 1757 2133 cod.

61 2163 150 2202 Par.
174 2162 301 2213 prima
322 2175 441 2202 manu
464 2161 655 2212 scriptum
676 2166 756 2202 est:
788 2162 955 2212 imperi
976 2162 1198 2201 adscribe
1219 2174 1351 2201 vereor
1373 2176 1396 2201 a
1417 2162 1573 2211 vulgata
1593 2161 1760 2201 lectione

62 2232 462 2273 adscribebantur
493 2233 684 2280 recedere,
719 2233 823 2282 quod
845 2232 981 2272 Cicero
1003 2232 1043 2271 in
1066 2232 1166 2272 Sest.
1190 2245 1223 2271 c.
1249 2235 1315 2272 30.
1351 2232 1528 2280 (curatio,
1559 2244 1659 2282 quae
1680 2244 1758 2270 non

62 2308 166 2343 esset
197 2303 383 2343 attributa
404 2308 521 2354 atque
542 2301 756 2354 descripta)
788 2316 867 2343 non
890 2303 1072 2354 simplici,
1097 2304 1165 2343 sed
1187 2303 1404 2354 composito
1426 2304 1542 2343 verbo
1564 2316 1660 2342 usus
1685 2308 1757 2343 est.

62 2374 244 2414 Ceterum
275 2387 516 2425 quamquam
546 2374 622 2413 hoc
652 2374 815 2413 verbum
837 2374 944 2413 nullo
966 2374 1043 2413 alio
1067 2373 1266 2413 Ciceronis
1297 2375 1385 2412 loco
1417 2387 1504 2413 eam
1536 2373 1760 2423 significati·

61 2457 190 2492 onem,
232 2457 334 2495 quae
362 2444 427 2484 hic
459 2446 692 2496 postulatur,
730 2444 875 2484 habere
904 2445 1039 2492 fateor,
1080 2449 1223 2491 tamen,
1266 2444 1357 2494 quid
1390 2443 1463 2482 sibi
1494 2443 1595 2490 velit,
1637 2442 1760 2482 mani·

61 2513 206 2553 festum
236 2518 297 2553 est
327 2526 455 2564 neque
485 2513 608 2562 video,
642 2525 712 2552 cur
741 2512 919 2563 ineptum
949 2512 988 2551 id
1018 2525 1107 2551 esse
1136 2512 1354 2562 Madvigius
1384 2512 1499 2553 dicat.

202 2607 262 2646 LI.
287 2608 384 2649 131.
418 2619 588 2656 censor
617 2607 758 2660 enim,
791 2619 933 2657 penes
966 2618 1099 2657 quem
1129 2606 1332 2644 maiores
1364 2605 1516 2644 nostri
1560 2626 1605 2632 —
1648 2605 1761 2643 iudi-

6 2664 9 2665 ⁷
41 2675 493 2718 -c'iumsenatoriae
519 2669 773 2726 dignitatis
804 2687 909 2715 esse
938 2675 1199 2715 voluerunt.

160 2767 163 2769 ·
202 2752 321 2800 Laus?
337 2757 414 2798 loci
453 2757 623 2798 restituti
661 2743 885 2798 tribuenda
907 2762 967 2797 est
995 2756 1209 2807 Madvigio‚
1257 2756 1323 2807 qui
1354 2757 1381 2798 l.
1413 2757 1438 2796 1.
1473 2761 1499 2796 t.
1534 2757 1579 2796 11.
1612 2771 1649 2809 p.
1675 2759 1760 2799 224

47 2824 242 2884 scripsit:
275 2827 465 2871 iudicium
496 2827 717 2872 senatoriae
746 2826 959 2880 dignitatis,
993 2826 1194 2868 Sententia
1225 2830 1356 2867 autem
1374 2826 1525 2875 Wolfii,
1558 2833 1758 2869 auctorem

52 2896 64 2907 .‚
1471 2893 1494 2929 3
1496 2894 1517 2915 ·
