1878 3020
770 76 822 134 ..-¹
881 68 963 147 45>
1002 124 1054 134 .-

0 157 55 227 ξιξῗὶ

2 240 23 268 1r
43 241 144 271 rem
166 227 443 279 interregnum,
477 237 554 276 quo
574 222 753 276 auspicia
773 223 951 265 renovari
971 224 1125 273 debent,
1136 219 1167 273 ¹)
1189 222 1255 264 fiat
1276 233 1439 263 necesse
1460 220 1511 262 sit
1531 221 1638 270 (nam
1660 220 1756 262 dum

49 307 163 341 ‘unus
195 300 266 340 erit
306 297 492 350 patricius
524 296 790 345 magistratus,
835 295 1013 345 auspicia
1043 296 1092 335 ad
1133 299 1264 345 patres
1295 294 1420 333 redire
1456 307 1534 333 non
1566 297 1753 345 possunt3

62 369 143 412 Cic.
162 372 210 411 ad
232 371 340 410 Brut.
363 369 378 407 Ι
402 372 438 416 5,
463 364 521 414 4.)
544 366 732 417 auspicia,
757 365 790 405 si
811 365 976 410 nullus
966 379 1045 405 lam
1068 363 1255 416 patricius
1277 363 1360 412 erit,
1383 363 1573 403 intereant
1595 376 1757 403 necesse

61 446 122 481 est
152 452 278 490 neque
308 437 411 477 enim
443 436 620 475 renovari
651 440 819 486 possunt
850 435 1026 486 auspicia
1056 435 1133 474 nisi
1164 436 1213 474 ab
1245 434 1454 484 interrege;
1488 435 1556 474 sed
1586 434 1756 474 interrex

59 524 138 564 non
167 510 247 551 iam
277 507 361 556 erit,
394 506 486 558 quia
506 506 740 556 interregem
761 511 798 545 et
819 505 1026 557 patricium
1048 518 1136 545 esse
1164 510 1202 544 et
1223 518 1246 545 a
1268 504 1440 556 patriciis
1463 504 1574 555 prodi
1594 516 1756 544 necesse

6 582 11 584 ’
52 587 131 624 est.
180 581 228 620 cf.
252 580 474 618 Mommsen
503 577 529 616 l.
553 578 578 616 l.
601 577 629 617 I.
655 579 752 618 630.

203 650 246 690 In
275 662 309 691 c.
332 648 413 688 XV.
437 649 458 695 ἓ
482 650 549 689 40.
582 647 751 686 Wolfius
774 646 812 686 id
834 648 937 698 quod
958 647 1006 686 de
1026 647 1077 688 M.
1101 646 1240 686 Bibulo
1263 648 1311 686 ab
1333 646 1461 698 Appio
1485 645 1647 686 Claudio
1669 645 1756 684 Pul-

63 722 158 761 chro
190 721 444 768 (Mommsen,
483 722 580 756 ιὸιιι.
615 718 857 756 Staatsrecht
890 718 933 765 11,
969 720 989 758 1
1026 731 1063 767 p.
1089 720 1172 758 286
1205 722 1338 757 annot.
1364 717 1405 764 3)
1450 718 1487 756 in
1532 717 1755 756 contionem

62 792 250 843 producto
281 789 433 838 legitur,
466 802 489 827 a
510 788 771 827 declamatore
802 788 936 827 fictum
968 801 1055 830 esse
1078 793 1210 838 putat;
1244 801 1336 828 nam
1358 792 1461 827 certe
1483 800 1614 827 veram
1635 786 1756 826 histo-

61 861 160 901 riam
198 861 337 899 docere
367 858 540 909 Appium
578 857 786 897 Claudium
825 862 863 896 et
893 857 1123 896 Ciceronem
1168 859 1342 896 nondum
1383 856 1450 896 illo
1490 863 1665 908 tempore
1701 869 1756 895 re·

61 930 289 970 conciliatos
330 942 434 976 esse3
475 929 605 979 itaque
643 928 851 968 verisimile
891 942 970 968 non
1009 929 1149 977 videri,
1191 928 1376 968 Bibulum
1412 929 1462 968 ab
1499 927 1627 979 Appio
1667 940 1755 966 esse

62 1001 306 1052 productum,
347 1004 390 1037 ut
422 998 549 1037 Clodii
580 998 821 1037 tribunatum
854 1004 1110 1049 oppugnaret.
1174 999 1249 1039 Sed
1272 999 1504 1050 scriptorem
1524 998 1640 1037 huius
1672 1011 1754 1037 ora-

66 1070 182 1111 tionis
214 1083 293 1109 non
333 1069 501 1120 fugisse,
545 1075 628 1108 tum
672 1069 899 1110 Ciceronem
939 1075 976 1110 et
1017 1070 1223 1110 Claudium
1263 1071 1437 1115 nondum
1483 1069 1753 1110 reconciliatos

61 1141 193 1187 fuisse,
227 1152 274 1178 ex
307 1140 327 1186 ἓ
353 1141 448 1186 112,
481 1139 547 1177 ubi
568 1139 720 1189 Appius
753 1140 813 1178 fur
844 1140 996 1187 dicitur,
1031 1145 1066 1178 et
1097 1142 1194 1186 §83
1228 1141 1350 1188 („Sed
1382 1141 1415 1179 si
1448 1146 1597 1190 patrem
1629 1145 1752 1186 tuum,

61 1211 204 1258 civem,
246 1209 398 1249 medius
436 1209 572 1257 fidius,
611 1209 810 1260 egregium
845 1209 1157 1261 dissimilemque
1193 1210 1328 1258 vestri)
1373 1210 1468 1250 satis
1506 1209 1753 1259 intellegitur.

61 1281 111 1321 At
149 1280 215 1319 ubi
256 1279 446 1330 scriptum
487 1284 567 1327 est,
600 1280 784 1318 Bibulum
824 1293 911 1319 esse
942 1281 992 1319 ab
1019 1280 1147 1331 Appio
1176 1281 1421 1330 productum,
1454 1285 1497 1319 ut
1526 1279 1651 1319 Clodii
1691 1279 1754 1318 tri-

56 1353 251 1391 bunatum
281 1350 525 1390 infirmaret?
586 1350 770 1390 Bibulum
811 1337 898 1391 esse
939 1353 1191 1402 productum,
1234 1350 1326 1390 dicit
1363 1351 1521 1399 Cicero;
1563 1364 1632 1390 eur
1669 1362 1753 1400 pro·

60 1423 200 1461 ductus
232 1421 294 1469 sit,
327 1433 407 1459 non
427 1420 532 1459 item.
596 1421 692 1468 Quis
720 1422 865 1469 credat,
900 1422 1084 1472 Appium,
1118 1422 1184 1472 qui
1215 1422 1263 1460 de
1285 1421 1485 1460 Ciceronis
1517 1421 1641 1460 reditu
1673 1433 1752 1458 non

61 1492 332 1544 promulgavit,
362 1492 500 1531 Bibulo
532 1492 754 1531 contionem
785 1492 951 1540 dedisse,
986 1498 1028 1532 ut
1050 1492 1231 1532 Clodium
1263 1499 1308 1533 tr.
1333 1494 1384 1544 pl.
1408 1493 1643 1532 lacesseret?
1676 1492 1752 1531 Sed

59 1562 134 1602 hoc
165 1562 292 1601 dicere
333 1575 428 1601 sane
459 1562 573 1610 licet,
607 1562 792 1601 Bibulum
829 1564 869 1602 in
907 1563 1088 1603 contione
1128 1563 1259 1602 nescio
1291 1577 1369 1614 qua
1399 1564 1447 1601 de
1484 1576 1604 1601 causa
1635 1563 1752 1601 verba

61 1633 265 1673 facientem
297 1633 426 1673 subito
457 1633 606 1684 privato
639 1634 802 1674 consilio
834 1635 874 1674 in
895 1635 1075 1675 Clodium
1107 1648 1194 1674 esse
1224 1634 1431 1675 invectum.
1463 1634 1511 1673 cf.
1535 1633 1751 1678 Drumann,

60 1704 104 1749 ll,
136 1705 233 1751 281,
267 1708 399 1742 annot.
424 1707 492 1745 44.

201 1775 283 1814 Iam
313 1788 404 1814 vero
437 1775 469 1814 si
491 1775 659 1815 Wolfius
691 1775 731 1814 in
762 1788 797 1815 c.
821 1779 873 1817 27
897 1777 918 1823 ἓ
944 1778 993 1817 71
1030 1776 1067 1814 in
1101 1775 1227 1815 verbis
1258 1775 1404 1814 haesit:
1441 1788 1559 1823 „nam
1592 1787 1670 1814 non
1693 1779 1751 1814 est

59 1844 113 1883 ita
143 1844 287 1892 latum,
320 1850 363 1884 ut
393 1845 490 1884 mihi
522 1846 690 1885 Romam
721 1846 850 1886 venire
880 1846 1033 1895 liceret,
1068 1848 1136 1885 sed
1167 1852 1209 1885 ut
1240 1846 1458 1893 venirem“,
1499 1845 1594 1884 satis
1626 1846 1752 1884 habeo

59 1927 148 1954 eum
179 1916 226 1954 ad
250 1915 329 1957 Pis.
353 1929 386 1955 c.
413 1918 464 1957 15
497 1917 680 1966 relegare,
715 1930 791 1967 quo
822 1917 890 1956 illa
920 1918 1037 1957 verba
1058 1918 1337 1964 defenduntur;
1370 1916 1423 1956 ibi
1455 1917 1645 1967 scriptum
1673 1921 1752 1955 est:

59 1983 338 2024 MeKalendis
369 1982 563 2025 Ianuariis
587 2017 731 2026 .....
765 1987 1106 2038 frequentissimus
1140 1992 1324 2035 senatus,
1368 1999 1561 2026 concursu
1606 1986 1751 2033 ltaliae,

59 2056 247 2094 referente
284 2055 504 2094 clarissimo
546 2070 592 2095 ac
631 2058 845 2097 fortissimo
886 2059 987 2106 viro,
1030 2059 1073 2101 P.
1106 2059 1283 2106 Lentulo,
1329 2058 1595 2097 consentiente
1637 2063 1754 2107 atque

60 2137 138 2166 una
168 2137 261 2165 voce
290 2126 542 2166 revocavit.
577 2127 624 2167 cf.
648 2128 688 2167 in
709 2128 835 2168 Vatin.
858 2129 918 2177 Ill,
955 2132 996 2170 7:
1032 2142 1147 2180 quem
1174 2129 1281 2168 vides
1313 2128 1489 2168 omnium
1516 2127 1659 2167 civium
1691 2128 1753 2166 de-

60 2194 214 2244 siderio,
247 2196 372 2246 ipsius
404 2197 573 2248 denique
603 2198 818 2249 reipublica
850 2200 956 2239 luctu
988 2213 1076 2239 esse
1108 2204 1344 2239 revocatum.
1384 2199 1440 2238 Ea
1470 2204 1619 2246 autem,
1654 2211 1753 2249 quae

59 2277 199 2305 censor
229 2267 277 2306 de
307 2267 615 2308 conforrnatione
658 2269 873 2310 sententiae
904 2270 1017 2318 dicit,
1051 2271 1100 2310 ad
1131 2269 1215 2310 eius
1248 2268 1421 2309 studium
1459 2269 1666 2309 cavillandi
1697 2282 1753 2308 re-

59 2337 217 2377 ferenda
247 2343 351 2378 sunt.

199 2408 272 2457 Ea',
311 2422 412 2460 quae
448 2424 472 2449 a
504 2411 732 2450 Marklando
768 2412 816 2450 de
852 2411 980 2450 verbis
1018 2411 1068 2459 (c.
1094 2413 1148 2452 28
1176 2412 1197 2458 ἓ
1232 2410 1352 2458 73),
1357 2409 1468 2458 ,nulli
1508 2409 1649 2460 pagani
1685 2414 1754 2448 aut

61 2477 264 2518 montani“
297 2479 379 2529 (W.
403 2480 448 2520 A.
473 2481 632 2529 Becker,
674 2481 894 2561 Handbuch
935 2482 1002 2520 der
1041 2485 1137 2520 rom.
1171 2480 1421 2527 Altertumer‚
1454 2479 1497 2527 ΙΙ,
1534 2481 1553 2520 1
1590 2492 1627 2529 p.
1653 2481 1750 2526 175,

70 2557 110 2571 γη

204 2600 234 2647 ¹)
260 2599 460 2653 Hommsen
493 2606 516 2642 l.
542 2606 565 2642 l.
599 2618 634 2653 p.
660 2606 724 2642 87:
756 2606 839 2643 dass
871 2607 926 2643 als
959 2606 1082 2642 letzter
1105 2604 1240 2652 Trager
1273 2607 1337 2643 der
1360 2605 1663 2649 Beamtengewalt
1692 2604 1753 2640 die

55 2642 290 2716 ‘Geeamtheit
309 2658 379 2705 dei·
403 2665 647 2716 patricisehen
670 2664 868 2713 Senatoren
891 2666 967 2710 und
990 2665 1056 2701 das
1080 2664 1455 2710 zwischenkonigtum
1479 2664 1571 2709 galt,
1605 2675 1647 2699 so
1672 2664 1779 2714 dats·

74 2710 209 2779 gun
204 2721 305 2769 ein
308 2723 542 2775 hbcbster
570 2715 774 2776 Bearnter
802 2724 1065 2761 verbanden
1093 2732 1198 2766 war,
1223 2721 1366 2760 diese
1396 2723 1562 2760 Gewalt
1601 2723 1753 2766 ruhte,

55 2770 234 2823 &fort
247 2777 367 2819 abet
377 2782 664 2825 hervortra't,
691 2792 828 2819 wenn
861 2783 1062 2820 derselbe
1096 2782 1258 2826 fehlte‚
1301 2782 1450 2819 druckte
1482 2782 1561 2818 sich
1591 2782 1755 2844 schal-fer

91 2828 109 2846 ”
133 2844 135 2846 “
163 2834 240 2877 als
260 2837 302 2886 ιιι
317 2838 411 2904 den
419 2830 626 2912 weltliohen
638 2834 861 2893 Θθεοὶιᾶῆὲιι
884 2836 979 2878 nacti
1003 2840 1067 2915 d'er
1080 2828 1182 2878 Seite
1206 2842 1271 2878 der
1287 2831 1483 2887 Auspicien‘
1505 2852 1582 2878 aus.
