1878 3020
1248 0 1344 23 -''⁴‘.*=‚2
1400 0 1454 21 Bw?

770 71 824 80 -
888 5 1098 93 5o“-'

206 164 354 207 Deinde
393 179 485 208 vero
515 166 580 208 W.
613 168 773 210 offendit
813 168 853 209 in
883 168 1073 210 infinitivo
1105 168 1363 221 ‚‚gratula1·i“‚
1394 168 1449 222 (c.
1470 168 1535 219 IX,
1558 167 1632 219 22)

63 237 168 277 male
199 242 304 278 esset
336 252 569 290 suspensus.
648 240 773 288 Quem
805 240 942 280 Savels
975 241 1000 280 l.
1033 241 1059 280 l.
1094 254 1131 291 p.
1168 243 1220 283 17
1254 241 1309 282 ita
1339 240 1521 290 defendit,
1554 245 1597 281 ut
1628 240 1748 285 adin

64 308 256 349 finitivum
300 310 543 361 ‚,gratulari“
584 324 631 351 ex
672 312 941 364 superioribus
980 312 1143 352 verbum
1185 312 1339 352 dicendi
1383 312 1635 364 repetendum
1676 323 1766 357 esse

65 381 181 423 dicat.
246 383 323 423 Sed
353 396 404 423 ne
434 383 508 422 hac
540 382 699 433 quidem
728 383 955 424 defensione
986 383 1078 423 huic
1108 383 1196 422 loco
1228 396 1328 435 opus
1361 396 1449 424 esse
1478 383 1574 423 mihi
1593 382 1745 424 videtur

63 467 159 495 nam
190 467 309 505 saepe
341 454 471 493 subito
502 453 610 492 nullo
641 455 759 493 verbo
791 454 945 494 dicendi
976 453 1228 494 antecedente
1258 453 1395 505 incipit
1414 453 1540 494 oratio
1562 452 1751 512 indirecta

64 525 212 565 Eodem
243 525 327 564 iure
357 529 475 574 atque
504 524 610 563 hunc
642 525 773 564 locum
795 525 921 576 potuit
941 525 1110 564 Wolfius
1141 524 1363 574 vituperare
1394 525 1499 576 apud
1531 524 1763 565 Caesarem.

63 596 101 636 b.
126 596 171 636 G.
195 597 220 635 l.
244 596 271 637 Ι.
295 608 328 635 c.
353 599 397 637 2:
432 594 616 645 perfacile
646 608 735 634 esse
765 600 848 644 cet3
881 609 914 635 c.
950 598 1032 638 20:
1068 595 1168 634 scire
1200 607 1242 634 se
1273 594 1341 635 illa
1371 608 1459 635 esse
1490 608 1599 644 vera3
1632 608 1665 635 c.
1690 580 1807 637 11²„

65 666 120 706 ita
151 679 193 706 se
214 666 320 705 omni
351 670 529 717 tempore
559 666 607 704 de
640 666 786 717 populo
817 666 998 707 Romano
1029 665 1191 706 meritos
1222 678 1332 714 esse;
1365 678 1398 706 c.
1430 668 1510 707 30:
1544 664 1767 716 intellegere
1810 700 1816 724 .-

65 751 172 785 sese;
212 750 244 777 c.
280 740 355 779 37:
398 751 486 777 sese
522 751 572 777 ne
613 737 817 777 obsidibus
859 739 1015 788 quidem
1047 738 1149 778 datis
1189 751 1328 788 pacem
1359 737 1545 781 Ariovisti
1576 732 1766 778 redimere
1818 757 1820 759 ·

64 808 253 859 potuisse.

206 878 341 929 Neque
371 878 511 918 melior
542 883 602 918 est
633 891 755 918 causa
785 878 922 918 Wolfii
953 879 994 918 in
1026 892 1059 919 c.
1083 879 1152 918 XII
1183 880 1296 927 532,
1329 877 1396 917 ubi
1427 877 1657 917 criminatur
1678 889 1806 920 con-s

65 948 323 987 structionem
354 948 580 987 verborum:
615 960 735 995 „cum
756 961 819 987 me
841 953 1051 998 purgatum
1071 949 1181 988 vobis
1203 962 1292 988 esse
1313 961 1509 999 cuperem,
1542 952 1628 987 tum
1647 947 1767 988 etiam
1800 949 1803 951 ’

64 1023 195 1057 vestra
227 1018 267 1056 in
299 1031 362 1057 me
394 1023 541 1057 attente
572 1018 765 1057 audiendo
797 1018 1019 1068 benignitas
1051 1019 1228 1068 provexit
1259 1018 1475 1058 orationem
1506 1017 1678 1066 meam“,
1718 1018 1767 1057 de
1833 1061 1878 1076 ⁴

65 1101 144 1138 qua
184 1101 263 1126 non
305 1093 387 1133 est,
431 1089 535 1137 quod
575 1088 782 1138 operosius
819 1087 1033 1138 explicem,
1076 1088 1167 1137 quia
1203 1088 1268 1126 hic
1299 1088 1419 1127 Tullii
1449 1101 1546 1128 usus
1578 1088 1677 1127 satis
1707 1092 1769 1127 est

64 1163 196 1200 notus.
249 1157 292 1197 V.
316 1157 499 1208 Madvigii
529 1162 735 1208 grammat.
757 1158 823 1197 lat.
848 1157 948 1206 (Lat.
974 1156 1237 1208 Sprachlehre
1267 1157 1329 1197 fiir
1352 1157 1537 1207 Schulen,
1571 1160 1610 1201 2.
1632 1157 1768 1206 Auss.)‚
1835 1207 1838 1211 .

18 1266 24 1271 ,
65 1229 132 1268 ubi
163 1229 203 1267 in
235 1230 257 1275 ἓ
290 1230 387 1269 358.
421 1233 560 1273 annot.
590 1231 627 1269 3.
662 1229 709 1267 de
740 1229 815 1267 hoc
847 1228 1094 1268 coniunctivo
1126 1229 1265 1277 agitur,
1305 1229 1371 1279 qui
1402 1229 1441 1267 h.
1475 1229 1500 1270 l.
1534 1241 1580 1267 eo
1612 1241 1768 1279 quoque

64 1305 169 1340 recte
201 1313 245 1340 se
275 1300 406 1348 habet,
440 1301 546 1350 quod
578 1300 813 1340 sententiam
845 1299 1116 1339 concessivam
1138 1299 1304 1350 exprimi
1326 1311 1441 1338 nemo
1463 1311 1544 1338 non
1564 1298 1789 1349 intellegit„

65 1371 168 1410 Nam
198 1371 275 1409 hoc
305 1370 404 1409 mihi
435 1370 566 1410 inesse
596 1371 765 1409 videtur:
800 1383 891 1409 cum
921 1370 1018 1409 nihil
1050 1369 1155 1409 aliud
1186 1382 1343 1419 agerem
1373 1369 1452 1408 nisi
1482 1373 1525 1408 ut
1545 1368 1656 1408 vobis
1679 1381 1768 1419 pur·
1835 1419 1839 1423 ῃ

66 1446 182 1491 gatus
214 1453 345 1480 essem
376 1445 414 1479 et
446 1440 543 1479 mihi
573 1440 649 1480 hoc
681 1441 811 1491 agenti
842 1453 921 1480 non
952 1453 1053 1490 opus
1085 1444 1190 1479 esset
1221 1439 1381 1490 copiosa
1412 1439 1598 1487 oratione,
1636 1443 1768 1479 tamen

65 1518 196 1551 vestra
225 1511 447 1561 benignitas
481 1511 656 1562 provexit
688 1511 908 1551 orationem
939 1524 1081 1550 meam.

210 1582 316 1621 Tum
345 1582 516 1621 Wolfius
549 1581 600 1630 (c.
623 1582 708 1621 XIV
730 1583 768 1629 ἓ
775 1581 848 1629 37)
879 1586 1000 1629 notat,
1034 1582 1247 1620 obscurum
1278 1593 1378 1629 esse,
1411 1552 1607 1630 quomodo
1628 1580 1766 1620 verba.

68 1665 191 1700 „nam
212 1653 444 1703 adoptatum
473 1652 713 1703 emancipari
746 1652 892 1700 statim,
924 1665 973 1691 ne
1005 1651 1055 1691 sit
1086 1651 1170 1690 eius
1192 1650 1307 1698 filius,
1341 1650 1407 1702 qui
1428 1650 1654 1702 adoptavit“
1686 1650 1769 1690 iun·
1795 1642 1801 1665 ἶ

67 1728 209 1772 gantur
241 1736 332 1762 cum
364 1724 645 1774 superioribus.
708 1723 759 1762 At
789 1736 905 1762 nemo
936 1722 1114 1762 dubitare
1146 1727 1286 1772 potest,
1326 1722 1419 1772 quin
1459 1721 1556 1761 haec
1588 1721 1767 1762 cohaere-

66 1799 134 1834 ant
165 1806 257 1834 cum
287 1794 433 1834 verbis:
468 1795 610 1844 venire,
644 1794 773 1834 dicere
805 1808 859 1843 se,
893 1794 931 1833 id
962 1799 1095 1834 autem
1116 1794 1217 1834 scire
1238 1798 1275 1832 et
1297 1792 1426 1832 videre
1448 1806 1598 1833 omnes.
1631 1791 1768 1843 Neque
1816 1824 1819 1825 ν

66 1870 138 1912 est,
180 1878 250 1904 cur
286 1865 326 1904 in
366 1866 602 1905 anacolutho
639 1866 823 1913 haereas;
865 1879 959 1904 nam
989 1866 1107 1904 verba
1139 1876 1293 1914 „neque
1324 1863 1362 1902 id
1394 1864 1562 1903 obscure
1592 1862 1712 1902 nam“
1744 1876 1769 1902 a

67 1934 257 1974 Cicerone
288 1936 338 1974 ob
369 1935 444 1974 hoc
474 1936 607 1986 ipsum
641 1941 732 1975 sunt
765 1936 905 1986 posita,
938 1940 982 1974 ut
1011 1934 1257 1986 insequentia
1283 1934 1401 1973 verba
1421 1933 1689 1985 „emancipari
1713 1952 1765 1960 -

67 2003 293 2055 adoptarit“
325 2005 501 2055 longiore
541 2005 733 2045 sententia
771 2019 794 2045 a
825 2019 902 2046 vv.:
947 2005 1013 2053 „id
1052 2009 1184 2045 autem
1225 2004 1325 2043 scire
1365 2009 1403 2043 et
1441 2004 1570 2044 videre
1601 2002 1767 2044 omnes“
1812 2048 1815 2053 Ι

68 2075 246 2115 seiuncta
277 2088 368 2115 cum
399 2076 461 2115 his
483 2076 581 2127 ipsis
604 2076 903 2126 coniungantur.
947 2075 1085 2126 Langii
1106 2079 1239 2115 autem
1259 2074 1495 2123 coniectura,
1528 2075 1594 2125 qui
1616 2074 1672 2125 (p.
1696 2074 1768 2125 21)

67 2150 202 2184 censet
233 2145 462 2185 Ciceronem
500 2146 666 2186 dixisse.
705 2159 860 2197 neque
899 2146 944 2185 id
983 2144 1282 2192 obscurari,
1330 2144 1427 2184 iam
1468 2145 1820 2196 adoptatum-³⁸»

67 2216 391 2266 emancipari
424 2217 602 2256 statim
634 2217 733 2257 mihi
764 2217 960 2292 reicienda
990 2217 1152 2265 videtur,
1186 2217 1289 2267 quod
1317 2216 1412 2256 iam
1432 2216 1661 2256 adverbium
1678 2216 1718 2273 h.
1740 2217 1754 2256 1

67 2298 147 2326 non
180 2286 360 2338 quadrat.

211 2357 254 2396 Si
294 2370 386 2397 vero
426 2357 595 2398 Wolfius
634 2358 676 2398 in
715 2371 802 2410 cap.
843 2359 932 2399 XIX
971 2360 994 2406 ἓ
1033 2362 1088 2400 49
1129 2357 1288 2406 iudicat,
1333 2358 1535 2399 iuncturas
1575 2357 1756 2426 „deniquj

68 2427 187 2468 etiam
236 2448 283 2455 —-
328 2426 384 2468 de
422 2427 498 2468 hac
537 2427 683 2479 igitur“
723 2433 804 2469 tam
844 2429 1060 2469 dissolutas
1091 2438 1214 2483 esse,
1236 2433 1281 2468 ut
1311 2427 1512 2469 Ciceronis
1556 2440 1647 2469 esse
1680 2431 1696 2439 ’“

69 2497 237 2550 possint,
268 2494 366 2539 illud
397 2498 639 2539 monendum
659 2503 732 2549 est,
764 2499 805 2539 in
826 2498 1030 2540 sententiis
1052 2508 1229 2559 „nomen
1245 2498 1343 2554 Sex
1378 2498 1592 2554 ¹-Propertu
1611 2518 1625 2551 ,¹

69 2581 292 2610 accusare.
416 2581 510 2608 non
531 2570 594 2609 est
623 2569 776 2611 ausus“
807 2570 959 2610 inesse
969 2567 1140 2624 formam
1168 2560 1357 2628 asynde&
1362 2556 1518 2611 {dves}w

70 2643 203 2680 autem
233 2599 614 2696 61,υιέοηιεῃιίειε
632 2652 713 2681 non
733 2640 852 2681 modo
867 2648 953 2685 non
972 2637 1269 2694 dissolvantur,
1266 2630 1360 2706 §edj-

70 2707 357 2752 contineantur.
420 2710 488 2751 Sic
516 2697 664 2760 vertas·
697 2725 740 2752 er
769 2712 846 2762 gab
867 2706 952 2752 den
966 2708 1143 2758 Nameu
1154 2709 1245 2753 des
1247 2696 1305 2752 S.
1319 2707 1372 2761 Et·

70 2781 168 2822 aber
194 2768 510 2867 dutehzuffihren
526 2786 668 2835 wagte
698 2795 740 2823 er
748 2781 891 2830 nicht.
913 2769 981 2824 ef(
995 2774 1297 2836 Nzetoimh,
1319 2838 1332 2846 ⁸
1361 2825 1366 2839 s

793 2954 810 2980 Χ
