1878 3020
231 181 351 222 XXX.
375 183 443 223 81.
467 182 683 231 Madvigius
700 196 738 232 p.
759 186 841 224 222
862 183 1040 232 poposcit
1057 195 1129 232 pro
1152 195 1233 233 per
1254 183 1476 233 gratiam:
1500 186 1830 233 pergratum-„2

91 265 184 292 nam
217 252 336 292 latine
366 252 461 291 dici:
496 252 644 302 gratiae
675 252 841 293 alicuius
874 265 995 292 causa
1026 256 1094 292 aut
1125 252 1232 302 (inde
1252 266 1276 294 a
1297 252 1422 303 Livio)
1453 253 1494 293 in
1524 242 1825 305 gratiamtalissff

88 325 215 371 cuius,
249 326 316 363 sed
338 324 465 362 virum
487 325 684 373 egregium
717 325 814 373 fugit
846 337 929 374 per
962 325 1163 373 gratiam
1195 325 1315 364 latine
1345 325 1433 364 dici.
1463 326 1511 364 cf.
1535 325 1615 366 Cic.
1633 313 1798 365 Veri-in.
1816 358 1842 377 ι.

88 400 162 434 act.
197 395 222 434 I.
257 408 289 434 c.
326 397 392 442 16,
427 397 501 436 48:
536 400 578 435 ut
609 408 726 435 nemo
758 409 781 435 a
812 394 934 443 vobis,
968 400 1010 435 ut
1041 395 1163 436 istum
1194 395 1428 444 absolvatis,
1471 408 1550 447 per
1581 394 1786 445 gratiam
1831 417 1843 425 a

89 471 251 504 conetur
282 467 537 513 contendere3
576 471 613 505 et
646 471 720 508 act.
754 467 797 506 Π.
831 467 896 506 lib.
930 467 989 505 III.
1023 479 1056 505 c.
1091 469 1159 513 83,
1195 468 1300 507 191:
1343 458 1432 505 cum
1465 467 1526 513 iis,
1559 467 1686 514 credo,
1719 465 1786 517 qui
1824 473 1841 481 '⁴

85 535 323 586 benignitate
356 536 524 585 adducti,
558 550 641 588 per
670 537 903 578 beneficium
934 542 972 577 et
1004 537 1210 588 gratiam
1243 536 1463 576 civitatibus
1490 542 1782 586 concesserunt,
1819 522 1821 525 ι

85 612 127 645 ut
149 620 332 646 nummos
355 621 426 658 pro
448 609 643 647 frumento
665 609 829 647 darent?
861 609 909 647 cf.
928 609 1055 648 Plaut.
1079 609 1159 647 mil.
1185 610 1291 655 979;
1323 608 1483 657 Drager,
1506 608 1543 646 h.
1564 608 1603 648 S.
1631 621 1665 658 p.
1686 610 1782 648 563.

229 678 366 718 XXXI.
392 681 459 720 82.
493 679 594 719 Pro:
638 680 678 718 si
711 693 766 718 ne
808 679 1043 729 scriptum
1085 679 1274 730 quidem
1315 691 1534 728 umquam
1574 683 1648 716 est
1687 678 1785 718 desi·
1875 733 1878 736 Ι

84 748 262 787 derabis:
297 749 330 787 si
363 763 412 788 ne
445 750 635 800 scriptum
669 750 827 800 quidem
866 763 1066 800 usquam
1106 755 1186 797 est,
1229 762 1321 788 cum
1358 748 1399 787 in
1429 749 1450 794 ἓ
1475 750 1527 788 82
1571 748 1784 787 contuleris
1819 752 1827 766 ³

84 819 221 858 verba:
256 820 334 858 ubi
367 821 471 859 enim
502 821 675 860 tuleras?
707 821 745 860 id
777 822 881 871 quod
913 821 1146 859 Guilielmus
1179 820 1403 870 suspicatus
1434 823 1505 858 est.

226 890 362 928 XXXI.
386 894 454 931 83.
498 891 650 938 Quaere
680 892 769 929 hoc
809 904 830 930 e
863 891 952 930 Sex.
987 890 1136 930 Clodio.
1171 891 1313 930 Veram
1344 890 1550 929 lectionem
1582 889 1699 928 habet
1728 889 1782 928 P:

86 960 238 1007 Quaere
268 961 418 1000 haec.
445 993 452 1000 .
479 993 487 1000 .

226 1030 362 1070 XXXI.
389 1028 457 1072 83.
492 1031 618 1079 Quae
651 1045 704 1070 ne
736 1032 780 1071 in
813 1031 920 1082 ipsa
954 1031 1140 1082 quidem
1173 1030 1422 1080 rogatione
1463 1030 1784 1081 praescripta

83 1105 172 1139 est.
236 1101 323 1140 Non
356 1115 491 1140 vereor
522 1115 612 1140 cum
635 1102 799 1141 Graevio
831 1108 968 1141 contra
999 1103 1083 1141 cod.
1103 1102 1133 1140 P
1155 1101 1427 1140 auctoritatem
1459 1100 1647 1139 scribere:
1682 1113 1784 1150 pro-

85 1170 244 1220 scripta,
279 1173 383 1221 quod
405 1174 639 1212 vocabulum
671 1173 773 1212 idem
804 1174 905 1212 valet
937 1186 983 1212 ac
1015 1173 1169 1223 publice
1202 1172 1392 1222 scriptum
1425 1184 1653 1221 proponere.
1690 1172 1784 1211 Vide

87 1240 254 1279 Ernestii
287 1242 448 1282 clavem.

223 1312 375 1350 XXXII.
399 1315 468 1353 86.
502 1313 635 1351 Prima
656 1327 797 1352 manus
815 1314 845 1351 P
862 1318 899 1352 et
921 1313 1059 1363 reliqui
1081 1313 1191 1351 codd.
1211 1312 1375 1351 habent:
1405 1311 1670 1351 restitutio.
1705 1312 1781 1351 Sed

81 1381 155 1419 hoc
189 1386 226 1419 et
257 1387 394 1422 contra
436 1384 604 1422 formam
645 1383 881 1423 rhetoricam
912 1389 949 1423 et
992 1388 1128 1423 contra
1172 1382 1405 1422 sententiam
1447 1394 1535 1420 esse
1565 1381 1781 1432 Madvigius

83 1465 118 1500 p.
147 1453 228 1492 222
263 1453 557 1492 demonstravit.
622 1454 880 1493 Scribendum
914 1459 993 1493 est:
1027 1454 1273 1492 restituto.

224 1523 375 1563 XXXII.
401 1526 469 1564 87.
503 1524 719 1575 Madvigius
751 1525 778 1566 I.
803 1539 840 1576 p.
868 1528 918 1566 58
954 1525 1178 1575 suspicatus
1210 1528 1270 1563 est
1292 1522 1520 1562 Ciceronem
1553 1522 1779 1573 scripsisse:

81 1594 140 1633 ad
173 1594 467 1645 sempiterni
489 1596 767 1635 memoriam
790 1597 1026 1647 temporis
1050 1609 1140 1647 pro:
1174 1596 1223 1635 ad
1247 1594 1527 1645 sempiternam
1548 1593 1780 1633 memoriam
1806 1637 1810 1639 ,

83 1665 295 1714 temporis;
328 1679 421 1704 nam
453 1667 610 1705 laudem
642 1680 769 1716 neque
801 1668 849 1706 ad
881 1667 1114 1706 memoriam
1145 1666 1332 1715 temporis
1366 1664 1519 1712 (incerti
1551 1669 1589 1703 et
1620 1660 1778 1715 infiniti)
1836 1668 1839 1671 “

81 1734 291 1784 propagari
324 1748 450 1786 neque
482 1737 530 1775 ad
564 1736 844 1787 sempiternam
877 1737 1109 1777 memoriam
1140 1735 1340 1787 temporis,
1375 1735 1443 1774 sed
1474 1735 1523 1774 ad
1555 1733 1683 1773 omnis
1712 1738 1780 1774 aut

77 1805 183 1853 longi
201 1805 390 1856 temporis
401 1807 645 1845 memoriam.
671 1807 746 1845 Sed
761 1808 857 1846 nihil
874 1809 1105 1847 mutandum
1119 1812 1197 1853 est;
1215 1820 1307 1845 nam
1320 1806 1554 1844 vocabulum
1569 1809 1656 1843 tem
1669 1801 1755 1855 pus
1768 1835 1777 1851 ,

79 1887 156 1924 quo
188 1875 301 1914 facile
333 1888 569 1924 careremus,
603 1882 684 1916 tam
716 1882 798 1916 arte
820 1891 910 1917 cum
932 1878 1122 1918 vocabulo
1154 1876 1430 1916 memoriam
1462 1874 1779 1924 coniunge-ndum

78 1951 149 1989 est,
183 1951 224 1984 ut
255 1960 335 1985 una
366 1947 474 1985 notio
507 1948 573 1986 flat
595 1948 667 1994 (=
689 1934 956 1997 zumevirigen
988 1947 1332 1997 Zeitgedachtnis).

219 2016 389 2055 XXXIII.
415 2019 482 2057 87.
517 2018 671 2056 altero
705 2023 936 2068 praetore
968 2018 992 2063 †
1025 2023 1238 2069 petente.
1290 2018 1501 2055 Petente
1531 2016 1638 2054 nullo
1661 2015 1778 2054 modo

78 2085 167 2123 ferri
192 2090 341 2137 potest;
376 2100 469 2126 nam
491 2101 538 2126 ex
556 2087 657 2128 Sest.
682 2101 715 2129 c.
737 2091 791 2128 40
814 2093 851 2127 et
872 2088 951 2129 Pis.
972 2102 1004 2128 c.
1027 2091 1078 2129 15
1102 2087 1340 2137 intellegitur
1356 2086 1527 2136 Appium
1552 2085 1778 2132 Pulchrum,

77 2156 238 2194 fratrem
269 2155 410 2204 Publii,
444 2171 467 2196 a
498 2157 607 2196 nullo
641 2157 836 2208 petivisse,
870 2163 912 2197 ut
944 2158 1081 2198 Cicero
1112 2158 1373 2197 reduceretur.
1436 2154 1599 2195 Manutii
1632 2154 1780 2194 coniec·
1836 2170 1839 2171 ⁷

76 2230 164 2265 tura
186 2226 412 2276 patiente
434 2228 482 2266 ad
504 2228 534 2265 P
557 2227 794 2278 scripturam
816 2233 853 2267 et
875 2228 1123 2276 sententiam,
1158 2241 1275 2278 quam
1296 2226 1578 2270 desideramus,
1610 2223 1781 2264 maxime

76 2296 239 2336 accedit.

218 2368 387 2406 XXXIII.
414 2370 481 2408 88.
516 2368 631 2417 quid
663 2374 755 2415 est,
801 2382 951 2419 quare
983 2368 1238 2423 quisquam
1269 2367 1384 2406 mihi
1414 2380 1465 2406 se
1496 2366 1604 2416 ipsa
1636 2377 1801 2415 popu&
1874 2379 1878 2383 ·

76 2437 173 2476 lari
205 2437 402 2477 ratione
433 2442 709 2488 anteponat.
775 2438 875 2478 Cum
907 2438 1086 2478 Ernestio
1118 2438 1368 2478 scribendum
1399 2441 1481 2476 est:
1522 2436 1562 2475 in
1593 2435 1683 2487 ipsa
1713 2447 1778 2485 po·

78 2508 205 2557 pulari
237 2508 410 2554 ratione;
442 2521 535 2547 nam
569 2521 690 2558 supra
721 2509 758 2555 (ἓ
778 2508 850 2556 87)
884 2509 1075 2559 scriptum
1108 2514 1191 2554 est:
1225 2508 1271 2546 in
1302 2508 1486 2557 optima
1516 2506 1718 2545 ratione.

217 2577 387 2618 XXXIII.
408 2580 475 2620 90.
500 2591 605 2617 cum
627 2590 792 2617 omnes
816 2579 1074 2629 principes
1098 2577 1339 2622 civitatis,
1363 2589 1529 2617 omnes
1552 2574 1780 2615 ordinum
1839 2563 1878 2630 j}

180 2679 188 2687 .
234 2647 494 2687 Probabiliter
534 2648 717 2688 Halmius
759 2662 829 2699 pro
870 2662 1036 2689 omnes
1078 2649 1302 2688 ordinum
1341 2645 1567 2699 proposuit:
1613 2656 1779 2686 omnes
1803 2635 1878 2703 ᾗῇ]

74 2718 290 2758 homines
323 2718 568 2766 ord‘inum3
601 2732 696 2758 nam
717 2719 963 2759 substantivo
985 2731 1086 2770 opus
1108 2724 1180 2768 est,
1203 2732 1253 2759 ne
1274 2717 1520 2771 principes
1542 2715 1592 2756 ad
1613 2704 1878 2778 alterumxssgj'f·

75 2791 298 2834 membrum
328 2790 532 2833 referatur.
567 2790 615 2833 cf.
649 2789 690 2831 in
721 2790 805 2833 Cat.
838 2790 907 2838 IV,
942 2792 987 2834 7:
1035 2803 1201 2833 omnes
1241 2790 1420 2833 adsunt
1459 2786 1668 2830 omnium
1709 2793 1780 2834 or?

1858 688 1865 697 *
1874 670 1878 677 .
1856 626 1878 649 ssr?
1854 602 1878 618 ᾧ
1838 328 1878 594 ἂζαῆἂᾉὲϊῖαῆω
