1878 3020
757 43 1080 105 v-3-8u-

83 163 364 204 Ciceronianae
392 165 532 204 aetatis
559 165 763 204 historiam
790 169 872 204 tam
894 164 1026 204 subtili
1053 177 1100 203 ac
1124 168 1233 204 recto
1259 163 1402 205 iudicio
1429 163 1593 215 scripsit,
1621 167 1664 209 ut
1683 164 1780 204 nihil
1793 153 1878 215 Ᾰῗξξζ

81 235 206 285 possit
234 236 434 275 accedere.
1826 236 1832 241 ‘

222 307 382 345 Initium
401 306 495 345 mihi
515 310 648 346 autem
665 307 715 345 ab
734 306 780 344 iis
799 306 918 344 rebus
937 305 1160 344 faciendum
1179 305 1372 355 existimo,
1399 319 1512 357 quae,
1533 318 1624 345 cum
1643 293 1779 364 ebrum

81 390 281 428 nusquam
310 377 457 416 mentio
487 376 566 423 fiat,
596 375 670 414 nisi
698 375 736 414 in
766 375 841 414 hac
870 374 1057 422 oratione,
1085 374 1234 414 Wolfio
1263 376 1313 414 ob
1341 375 1445 415 hanc
1474 388 1632 416 causam
1662 363 1779 415 offen-

82 446 182 486 sioni
211 451 335 487 erant.
391 447 493 496 Nam
521 445 699 495 protinus
726 445 768 482 in
797 456 887 482 eam
915 444 1151 483 sententiam
1178 444 1380 495 abripitur,
1411 459 1490 496 qua
1508 447 1580 485 has
1607 458 1671 485 res
1698 458 1779 484 non

80 530 207 565 veras,
238 518 307 556 sed
336 530 358 556 a
387 516 651 562 declamatore
680 514 870 554 confictas
899 527 986 554 esse
1015 527 1143 566 neque
1173 515 1253 554 ullo
1288 516 1408 555 modo
1444 517 1493 555 ad
1523 515 1777 556 verisimilitu-

81 585 215 626 dinem
243 587 430 625 accedere
450 585 656 623 existimat.
711 584 851 634 Neque
873 597 959 634 ego,
980 584 1116 634 inquit,
1139 586 1193 635 (p.
1211 585 1420 634 xxxvllr)
1441 585 1623 636 cuiquam
1643 589 1780 625 auctor

73 656 233 709 fuerim,
263 660 305 694 ut
334 668 401 693 eas
428 667 491 693 res
520 654 683 704 accipiat
712 667 783 704 pro
812 654 915 693 veris
944 649 983 692 et
1011 655 1233 705 exploratis,
1274 667 1375 705 quae
1404 655 1457 693 ibi
1483 655 1668 705 leguntur
1695 656 1779 695 sine

80 725 309 764 adiumento
338 724 525 775 gravioris
544 723 807 773 auctoritatis;
836 723 877 762 id
906 724 1011 774 quod
1041 725 1089 763 de
1109 725 1285 764 oratione
1304 738 1375 776 pro
1395 725 1513 764 domo
1535 725 1573 763 in
1602 725 1779 775 pluribus

80 795 375 847 quaestionibus
403 794 646 845 antiquitatis
667 794 796 833 adhuc
815 795 994 834 fecerunt
1013 794 1096 834 iure
1117 796 1297 844 consulti,
1328 795 1368 834 in
1387 798 1592 846 posterum
1611 796 1778 834 fortasse

80 866 275 904 cautiores
303 865 435 905 futuri.
1164 851 1166 854 ,

220 935 453 985 Priusquam
482 939 616 974 autem
643 935 693 973 ad
722 935 897 984 singulos
925 935 1036 974 locos
1064 938 1237 984 transeo,
1267 940 1358 975 ante
1387 937 1518 975 omnia
1547 936 1641 975 mihi
1670 948 1779 987 prae-

77 1006 322 1045 monendum
352 1010 432 1054 est,
461 1006 677 1054 Wolfium,
714 1006 789 1044 nisi
818 1005 1082 1056 praeiudicata
1111 1006 1293 1056 opinione
1323 1007 1464 1045 ductus
1492 1011 1616 1055 esset,
1660 1018 1780 1057 quam

77 1077 219 1115 falsam
247 1076 548 1126 argumentandi
567 1075 760 1114 rationem
781 1079 1022 1126 sequeretur,
1051 1076 1180 1126 ipsum
1206 1076 1497 1115 intellecturum
1515 1077 1648 1118 fuisse.
1678 1076 1780 1116 Nam

78 1146 183 1185 mala
211 1149 315 1184 esset
345 1145 523 1184 condicio
552 1149 731 1185 veterum
759 1145 991 1195 scriptorum
1031 1146 1063 1184 si
1102 1145 1255 1193 omnia,
1296 1158 1396 1196 quae
1434 1146 1538 1197 apud
1567 1159 1635 1185 eos
1673 1146 1780 1185 solos

78 1216 187 1254 nulla
216 1216 384 1254 aliorum
413 1216 646 1254 confirmata
674 1216 905 1254 auctoritate
934 1216 1131 1265 leguntur,
1173 1215 1304 1265 spuria
1332 1219 1371 1253 et
1390 1216 1663 1254 commenticia
1692 1228 1778 1255 esse

77 1286 362 1332 iudicaremus;
394 1285 487 1336 quid
517 1285 622 1324 enim
650 1289 827 1333 restaret,
868 1298 945 1336 quo
974 1285 1079 1324 velut
1108 1289 1214 1324 certo
1254 1285 1510 1325 fundamento
1537 1286 1779 1325 niteremur?

79 1356 157 1395 Sed
184 1357 222 1395 in
252 1357 298 1395 iis
326 1356 457 1403 rebus,
487 1369 654 1406 quarum
683 1356 746 1394 alii
775 1360 957 1395 auctores
984 1368 1066 1395 non
1094 1356 1337 1404 exstiterunt,
1367 1369 1455 1395 eam
1483 1369 1557 1395 nos
1584 1356 1779 1395 rationem

79 1428 190 1477 sequi
220 1431 385 1477 oportet,
415 1431 457 1465 ut
486 1428 533 1465 de
563 1427 698 1466 fraude
727 1440 808 1467 non
838 1427 1076 1476 cogitemus,
1118 1427 1192 1465 nisi
1229 1426 1313 1466 eius
1342 1426 1503 1478 vestigia
1530 1427 1686 1466 aliunde
1714 1439 1780 1477 ap-

78 1500 227 1547 parent.
284 1497 346 1535 An
374 1509 437 1535 res
465 1498 516 1535 ob
537 1509 625 1535 eam
653 1509 816 1536 causam
834 1497 959 1546 magis
987 1497 1037 1534 ad
1057 1497 1262 1535 veritatem
1281 1497 1470 1535 accedere
1490 1496 1652 1544 videtur,
1673 1496 1779 1546 quod

78 1567 304 1606 testimonio
333 1567 465 1606 nescio
486 1567 595 1605 cuius
624 1567 824 1616 scriptoris
853 1579 902 1604 ex
920 1566 1124 1615 naufragio
1152 1566 1370 1605 litterarum
1398 1568 1497 1605 forte
1517 1566 1660 1605 servati
1688 1578 1779 1604 con-

80 1637 287 1675 firmatur?
315 1637 420 1675 Num
450 1637 483 1674 si
510 1637 576 1675 illo
605 1636 830 1675 testimonio
852 1640 1014 1683 careret,
1043 1637 1183 1675 falsam
1212 1649 1301 1675 eam
1328 1649 1415 1675 esse
1436 1636 1778 1676 existimaremus?
1815 1656 1819 1661 ·

78 1707 239 1745 Accedit
269 1710 413 1754 autem,
444 1707 549 1757 quod
579 1706 843 1753 declamatori,
874 1706 1031 1756 qualem
1051 1705 1219 1745 Wolfius
1247 1706 1370 1755 finxit,
1400 1707 1465 1757 qui
1491 1708 1597 1757 leges
1625 1705 1776 1756 ignorat

78 1791 206 1827 neque
236 1782 397 1816 senatus
417 1778 598 1815 consulta
618 1781 726 1815 tenet
747 1781 785 1815 et
804 1777 864 1815 ius
880 1774 1044 1816 civitatis
1064 1776 1225 1824 deridet,
1255 1790 1345 1816 cum
1358 1777 1582 1816 hominibus
1599 1775 1779 1815 litteratis

77 1847 151 1886 hac
181 1847 356 1886 oratione
386 1847 459 1885 sub
490 1846 691 1885 Ciceronis
719 1846 878 1885 nomine
907 1846 1010 1884 edita
1037 1846 1238 1896 imponere
1267 1847 1453 1894 studeret,
1482 1847 1585 1885 male
1613 1859 1660 1884 ea
1688 1858 1778 1884 con-

79 1918 252 1964 veniunt,
283 1931 384 1967 quae
412 1931 516 1956 nova
545 1922 583 1955 et
602 1918 776 1956 inaudita
805 1921 920 1956 sunt:
949 1917 1070 1956 immo
1097 1917 1240 1956 usitata
1267 1918 1397 1968 potius
1425 1922 1464 1957 et
1482 1917 1671 1957 tralaticia
1689 1915 1778 1955 talis

77 2000 258 2038 promere
288 1988 400 2036 solet,
431 1987 521 2039 quia
550 1992 588 2027 et
605 1987 701 2026 nihil
729 1987 835 2026 aliud
863 1987 912 2025 ad
941 2000 1058 2026 usum
1077 1988 1290 2038 repositum
1319 1989 1438 2027 habet
1463 1992 1501 2027 et
1520 1988 1638 2026 rebus
1666 1985 1777 2024 novis

77 2059 341 2108 inauditisque
371 2072 420 2096 ne
451 2059 780 2109 deprehendatur,
809 2050 966 2105 metuit3
1007 2058 1158 2097 facilius
1187 2058 1290 2097 enim
1319 2062 1472 2097 erratur
1500 2059 1540 2097 in
1567 2055 1777 2096 reconditis

76 2129 196 2168 rebus
225 2142 345 2179 quain
373 2129 413 2167 in
442 2129 621 2179 vulgatis.
680 2129 789 2176 Quae
819 2141 910 2168 cum
937 2128 991 2166 ita
1020 2127 1114 2175 sint,
1151 2128 1292 2167 adduci
1320 2140 1400 2167 non
1428 2139 1610 2178 possum,
1647 2128 1689 2164 ut
1717 2137 1776 2172 ea,

77 2212 178 2250 quae
206 2199 378 2238 Wolfius
407 2200 584 2247 senserit,
615 2213 707 2238 vera
734 2213 821 2239 esse
848 2202 944 2240 mihi
971 2205 1242 2254 persuadeam.

217 2276 388 2315 Wolfius
417 2276 473 2323 (in
502 2288 586 2326 cap.
606 2276 698 2314 XIX
725 2278 746 2323 ἓ
775 2279 843 2327 50)
871 2279 920 2316 ab
950 2279 1054 2328 aliis,
1094 2293 1212 2330 quam
1250 2293 1274 2318 a
1311 2279 1500 2330 scriptore
1535 2280 1652 2319 huius
1691 2292 1775 2319 ora—

75 2346 192 2385 tionis
221 2345 354 2385 doceri
380 2346 503 2393 malit,
532 2345 765 2385 Ciceronem
792 2360 815 2386 a
843 2347 980 2389 Clodio
1009 2350 1181 2389 criminis
1210 2350 1248 2389 S.
1278 2350 1322 2390 C.
1349 2351 1485 2390 fraude
1513 2350 1553 2389 in
1581 2350 1775 2390 aerarium

75 2417 187 2456 relati
214 2430 302 2456 esse
330 2417 614 2457 insimulatum.
652 2418 758 2456 Bene
787 2421 919 2458 autem
939 2420 1081 2469 evenit,
1110 2414 1217 2471 quod
1242 2420 1359 2460 huius
1386 2421 1442 2460 rei
1469 2424 1590 2460 testes
1619 2424 1657 2460 et
1685 2433 1775 2461 auc-

73 2491 180 2527 tores
208 2488 426 2539 producere
464 2500 688 2539 possumus·
744 2488 846 2529 Nam
871 2490 912 2529 in
940 2503 996 2530 or.
1025 2504 1097 2542 pro
1127 2491 1236 2531 Sulla
1272 2504 1306 2532 c.
1335 2491 1423 2530 XIV
1451 2492 1473 2539 ἓ
1499 2493 1551 2531 40
1582 2490 1775 2542 scriptum

73 2563 153 2598 est:
183 2559 386 2599 Exclusus·
405 2560 479 2599 hac
500 2559 771 2599 criminatione
791 2560 1016 2612 Torquatus
1044 2543 1181 2602 rursus
1207 2563 1248 2603 in
1268 2575 1331 2602 me
1356 2557 1480 2610 irruit,
1507 2575 1571 2602 me
1591 2565 1771 2605 accusat:

73 2623 126 2668 a'rt
152 2642 217 2668 me
245 2630 358 2669 aliter
379 2643 425 2669 ac
446 2630 595 2669 dictum
624 2630 684 2678 sit,
713 2631 753 2669 in
771 2632 925 2671 tabulas
944 2632 1122 2683 publicas
1149 2633 1360 2683 rettulisse,
1389 2637 1428 2673 et
1450 2633 1491 2673 in
1519 2634 1542 2680 ἓ
1559 2633 1630 2673 41:
1660 2620 1772 2681 „Vidi

73 2714 146 2754 ego
173 2702 262 2751 hoc,
291 2701 452 2750 iudices,
480 2701 555 2741 nisi
583 2701 732 2742 recenti
759 2702 952 2742 memoria
979 2706 1140 2744 senatus
1180 2703 1454 2744 auctoritatem
1490 2692 1608 2743 hu'ius
1643 2701 1781 2750 indicii

73 2774 177 2824 (vide
205 2775 375 2815 Ernestii
401 2774 600 2825 explicat.)
627 2774 895 2816 monumentis
921 2775 1089 2827 publicis
1117 2779 1284 2817 testatus
1316 2790 1461 2825 essem,
1502 2763 1608 2825 fore,
1635 2773 1688 2817 ut'
1706 2773 1774 2824 ali·

1711 2947 1718 2951 ,
1753 2940 1757 2943 «
1792 2934 1807 2957 ,a
1816 2941 1833 2956 -Α
