1878 3020
344 0 683 29 .2’'”³“<2„·⁴r÷²³2‘ss‘*·³“
716 0 1001 28 *effl*2
1018 0 1131 26 ³5:⁴⁹³>
1198 0 1203 4 “
1264 6 1267 8 -
1340 0 1383 5 ··

765 64 827 132 έ-
885 57 946 144 μ39
1010 121 1062 129 -

0 219 48 276 ᾖξ’ς,
73 218 232 272 squando
258 233 340 260 non
367 208 592 270 Torquatus
619 230 747 269 neque
776 217 964 269 Torquati
1003 214 1196 267 quispiam
1223 215 1359 255 similis
1388 248 1397 257 .
1420 246 1429 255 .
1451 246 1460 254 .
1476 246 1485 264 ,
1528 215 1598 255 sed
1626 219 1670 255 ut
1696 215 1763 255 ali·

70 292 158 344 quis
183 290 418 344 patrimonio
445 289 659 339 naufragus
689 319 697 328 .
719 319 727 328 .
749 321 759 330 .
801 288 912 328 aliter
939 288 1037 327 haec
1064 286 1234 326 indicata
1262 299 1349 326 esse
1377 286 1562 327 diceret“.
1618 286 1761 334 Quam-

1 353 45 392 ,f‘
70 375 189 413 quam
215 365 348 401 autem
380 360 479 399 haec
512 360 563 398 ad
590 360 632 398 P.
655 358 785 398 Sullae
822 371 968 398 nomen
997 371 1021 396 a
1048 357 1237 397 Cicerone
1277 357 1521 396 subtractum
1558 357 1762 396 referenda

36 480 37 483 Ἴ
70 436 173 480 sunt,
202 430 361 471 Clodius
381 430 569 480 Torquati
597 429 889 469 accusationem
917 429 971 467 ita
988 427 1246 478 exaggeravit,
1276 431 1319 465 ut
1339 439 1455 465 omne
1484 430 1647 466 senatus
1672 439 1763 466 con·

70 501 219 542 sultum
247 513 271 540 a
298 500 376 540 Cic.
405 500 547 540 falsum
575 500 615 539 in
640 500 795 539 tabulas
822 499 1000 550 publicas
1028 511 1115 537 esse
1143 498 1311 537 relatum
1340 498 1452 538 dicat.
1484 498 1525 537 V.
1545 499 1761 548 Drumann,

69 570 303 611 Geschichte
330 571 454 609 Roms
482 583 520 620 p.
540 572 618 609 552
647 583 686 610 11.
707 572 770 609 40.
817 569 966 608 Deinde
995 569 1236 621 Ciceronem·
1253 568 1356 608 illius
1393 569 1564 608 criminis
1594 582 1681 608 esse
1707 570 1763 608 in-

69 640 298 680 simulatum
315 643 482 679 testatur
501 639 746 687 scholiastae,
777 639 842 689 qui
870 639 920 678 ad
948 638 1027 678 Cic.
1049 652 1104 677 or.
1126 639 1174 677 de
1202 651 1291 676 aere
1320 638 1448 677 alieno
1473 638 1627 677 Milonis
1656 652 1689 678 c.
1707 640 1764 677 111

68 712 90 759 ξ
121 714 141 750 1
171 714 268 750 extr.
297 711 347 758 (v.
376 710 427 749 Μ.
448 710 493 760 T.
513 709 555 748 C.
586 709 818 748 scholiastae
846 709 933 748 edd.
963 708 1131 747 Orellius
1159 711 1197 746 et
1220 708 1398 747 Baiterus
1425 721 1517 759 pars
1545 709 1582 747 11
1610 722 1647 759 p.
1669 710 1763 755 345)

67 781 165 820 11300
185 780 405 820 annotavit:
435 792 534 829 „nec
553 779 674 818 ullam
694 778 766 817 sibi
786 792 834 818 ex
852 779 897 818 iis
915 779 1098 818 invidiam
1114 791 1157 817 re
1185 777 1255 826 (ita
1274 779 1378 827 cod.)
1397 779 1762 828 pertimescendam,

69 851 135 902 qui
161 854 200 890 et
226 850 267 890 in
295 854 458 890 senatus
484 851 709 889 consultum
735 850 831 889 nihil
858 850 1046 889 mentitus
1074 850 1122 888 sit
1150 853 1188 888 et
1223 849 1511 888 restitutionem
1538 851 1763 889 meruerit“.

68 920 156 960 Sive
183 921 258 959 hoc
285 921 374 959 loco
393 920 643 959 scribendum
672 923 755 959 est:
786 920 877 970 „qui
905 923 943 958 01
960 923 1120 958 senatus
1149 919 1375 958 consultum
1396 920 1549 959 nullum
1576 920 1764 958 mentitus

68 991 140 1029 sit“
171 991 269 1029 sive:
299 991 392 1040 „qui
419 990 459 1028 in
487 994 648 1029 senatus
677 980 867 1029 consultis
895 989 991 1028 nihil
1019 990 1204 1028 mentitus
1233 991 1307 1028 sit“
1336 990 1411 1028 hoc
1432 990 1590 1040 quidem
1619 1003 1668 1029 ex
1687 991 1763 1028 hoc

68 1060 217 1099 scholio
245 1060 492 1110 intellegitur,
523 1059 753 1099 Ciceronem
781 1063 821 1098 et
847 1059 950 1098 illius
979 1059 1149 1099 criminis
1178 1072 1263 1098 esse
1287 1059 1556 1099 insimulatum
1584 1064 1622 1099 et
1650 1060 1697 1099 de
1716 1073 1763 1099 eo

68 1141 110 1168 se
138 1133 348 1180 purgatum
379 1130 559 1171 voluisse.

208 1200 393 1239 Videmus
420 1200 547 1250 igitur,
577 1201 670 1250 quid
699 1200 826 1239 valeat
852 1200 947 1238 illud
974 1199 1109 1238 Wolfii
1137 1203 1425 1249 argumentum,
1468 1213 1545 1249 quo
1573 1200 1659 1239 illas
1687 1213 1762 1248 res,

69 1283 168 1321 quae
197 1270 237 1308 in
264 1271 339 1310 1130
365 1270 540 1309 oratione
568 1270 678 1309 nulla
705 1270 868 1309 aliorum
899 1270 1127 1310 confirmata
1158 1270 1387 1308 auctoritate
1418 1270 1608 1319 legantur,
1637 1283 1660 1308 a
1687 1270 1750 1308 de-

68 1342 279 1380 clamatore
309 1341 420 1380 fictas
450 1353 537 1380 esse
564 1340 719 1380 iudicat.
1190 1347 1200 1350 ⁴

207 1411 280 1452 Ad.
310 1424 343 1451 0.
372 1411 416 1451 V.
446 1413 467 1458 ἓ
498 1413 546 1451 13
575 1424 645 1462 per
672 1411 839 1451 ironiam
867 1411 960 1450 dicit
988 1411 1065 1459 W„
1096 1412 1239 1451 oblitos
1268 1425 1354 1451 esse
1376 1411 1605 1451 Ciceronem
1635 1416 1673 1451 et
1691 1412 1763 1452 As-

68 1481 226 1520 conium
253 1481 302 1519 ad
329 1481 461 1521 Milon.
490 1494 523 1519 c.
545 1482 595 1520 14
622 1494 795 1529 narrare,
825 1494 848 1519 a
876 1481 925 1520 M.
947 1482 1071 1520 Lollio
1100 1481 1260 1521 insidias
1288 1495 1375 1521 esse
1398 1486 1556 1532 paratas
1575 1483 1762 1533 Pompeio

68 1555 106 1589 et
135 1550 326 1591 Ciceroni.
380 1551 439 1588 Ad
469 1551 541 1588 has
560 1551 719 1590 insidias
747 1551 813 1589 illa
832 1564 918 1590 esse
946 1552 1150 1590 referenda
1170 1552 1374 1591 verisimile
1395 1555 1465 1599 est,
1497 1565 1597 1601 quae
1617 1552 1762 1602 scripta

68 1624 160 1659 sunt
187 1620 227 1659 in
255 1620 355 1662 Sest.
384 1633 417 1659 0.
446 1620 592 1659 XXXII
619 1622 640 1668 ἓ
671 1623 742 1660 39:
784 1620 928 1669 „initur
965 1621 1169 1660 consilium
1199 1621 1247 1659 de
1284 1621 1443 1660 interitu
1472 1621 1541 1660 Cn.
1571 1622 1761 1673 Pompei“

68 1693 106 1729 et
133 1690 174 1728 in
201 1690 279 1731 Mil.
309 1703 340 1729 c.
364 1692 385 1729 7
400 1705 408 1729 :
452 1691 786 1741 „comprehensus
827 1694 887 1729 est
928 1691 969 1729 in
998 1691 1144 1741 templo
1173 1690 1347 1729 Castoris
1387 1703 1524 1730 servus
1552 1692 1593 1730 P.
1624 1691 1761 1740 Clodii,

69 1773 186 1811 quem
213 1760 278 1800 ille
306 1761 356 1799 ad
385 1760 456 1800 Cn.
479 1761 709 1812 Pompeium
727 1761 1040 1801 interficiendum
1060 1761 1309 1810 collocarat“,
1339 1765 1377 1800 et
1406 1774 1440 1802 0.
1461 1764 1527 1801 14:
1557 1762 1679 1810 „haec
1708 1762 1763 1800 in·

68 1830 206 1867 sidiata
234 1830 420 1880 Pompeio
450 1833 558 1878 est“;
588 1832 638 1869 ad
665 1831 826 1869 insidias
856 1832 984 1870 Tullio
1013 1835 1184 1869 structas
1212 1832 1323 1870 locus
1351 1832 1481 1870 Milon.
1512 1844 1545 1871 0.
1563 1832 1651 1869 XIV
1678 1845 1762 1881 per-

68 1900 183 1939 tinet:
213 1902 375 1950 „Itaque
397 1902 553 1951 quando
572 1901 674 1941 illius
693 1906 831 1952 postea
851 1902 931 1941 sica
949 1902 1026 1950 illa,
1057 1915 1177 1952 quam
1205 1915 1227 1941 a
1241 1901 1408 1941 Catilina
1427 1907 1643 1953 acceperat,
1672 1915 1762 1942 con-

68 1970 239 2021 quievit?
267 1970 374 2010 Haec
393 1971 584 2010 intentata
602 1971 717 2010 nobis
735 1972 832 2010 est“.
880 1972 966 2010 Hoc
986 1975 1117 2010 autem
1137 1971 1325 2021 suspicari
1352 1972 1454 2020 licet,
1482 1985 1564 2010 non
1583 1972 1761 2011 Clodium

31 2096 34 2097 γ
68 2041 196 2091 ipsum
223 2054 307 2080 rem
335 2042 473 2092 egisse,
503 2044 571 2082 sed
600 2043 714 2082 alicui
742 2042 897 2081 satelliti
926 2043 1118 2082 scelerum
1147 2055 1310 2082 suorum
1337 2043 1559 2091 mandasse,
1601 2043 1667 2093 qui
1695 2056 1764 2093 per

68 2124 224 2151 servum
253 2112 484 2163 Pompeium
511 2112 688 2151 occidere
725 2116 945 2153 conaretur.
994 2113 1042 2154 cf.
1072 2112 1219 2162 Savels,
1250 2116 1458 2152 comment.
1489 2113 1536 2151 de
1564 2112 1614 2152 M.
1644 2113 1688 2151 T.
1718 2112 1762 2152 C.

69 2194 125 2222 or.
152 2195 224 2233 pro
254 2183 381 2221 domo.
400 2196 438 2234 p.
468 2184 529 2222 13.

209 2258 320 2306 Quae
347 2260 388 2298 in
416 2273 449 2300 c.
467 2261 517 2300 II.
546 2261 622 2307 §3.
651 2260 853 2310 leguntur,
888 2260 1168 2310 pontificesde
1197 2259 1386 2299 Cicerone
1415 2260 1576 2299 absente
1605 2263 1760 2298 senten-

69 2328 163 2367 tiam
190 2329 345 2379 dixisse,
375 2330 519 2380 optime
545 2330 799 2380 explicantur,
829 2330 861 2369 si
880 2330 1100 2379 statuimus,
1129 2343 1197 2369 eos
1215 2331 1321 2369 solos
1341 2330 1577 2369 sententiam
1605 2330 1761 2378 dixisse,

69 2398 134 2449 qui
161 2403 274 2438 erant
302 2403 505 2439 senatores
532 2404 650 2451 atque
677 2400 716 2439 id
735 2401 883 2440 factum
910 2414 997 2440 esse
1016 2401 1082 2440 illo
1107 2404 1257 2449 senatu,
1287 2400 1398 2440 cuius
1425 2400 1464 2438 in
1486 2400 1586 2439 Sest.
1607 2412 1639 2439 e.
1660 2400 1763 2439 Lxu

67 2469 215 2508 mentio
241 2469 286 2508 fit
312 2482 416 2520 „quo
443 2470 486 2510 P.
515 2469 699 2510 Servilius
728 2484 867 2510 omnes
902 2483 1024 2522 prope
1065 2472 1116 2510 ab
1150 2456 1283 2510 inferis
1319 2471 1516 2510 revocavit
1543 2470 1762 2510 Metellos“.

27 2536 30 2538 ’
67 2538 115 2579 cf.
143 2538 347 2586 Drumann
373 2529 415 2580 It
448 2552 486 2591 p.
516 2542 593 2581 310
621 2554 659 2582 n.
680 2543 745 2581 41.
799 2541 935 2592 Neque
974 2541 1100 2592 magis
1126 2541 1337 2580 haeremus
1369 2541 1410 2579 in
1438 2553 1471 2581 0.
1492 2541 1619 2580 XXIII
1646 2542 1668 2589 ἓ
1697 2543 1760 2590 59,

55 2609 133 2650 *ubi
160 2609 298 2650 Cicero
318 2609 428 2659 dicit,
457 2603 577 2650 filiolo·
607 2624 680 2652 suo
707 2615 746 2652 et
765 2612 912 2660 Quinto
938 2611 1054 2659 fratri⁴
1075 2624 1191 2662 saepe
1220 2624 1308 2651 esse
1335 2612 1496 2651 insidias
1522 2616 1695 2664 9313138,
1722 2612 1762 2653 id

28 2677 43 2725 ἶ
64 2679 174 2730 quod
197 2678 344 2720 Wolfio
371 2680 577 2720 offensioni
604 2685 709 2731 erat;
752 2682 850 2734 ,1111111
888 2681 994 2721 enim
1029 2685 1111 2737 tam
1150 2682 1318 2732 graviter
1355 2683 1505 2722 dictum
1543 2683 1620 2734 legi
1658 2683 1765 2734 apud

34 2738 298 2798 ffCiceronem
323 2750 384 2808 de⁴
400 2750 576 2802 repetitis
596 2740 746 2810 talibus
773 2752 934 2794 insidiis,
987 2752 1041 2793 At
1068 2752 1156 2804 quis
1183 2766 1265 2793 non
1292 2753 1414 2802 videt,
1455 2754 1554 2795 illud
1593 2754 1763 2796 oratorie

1 2824 45 2865 -·;Ῑ
62 2822 154 2863 ’6888
179 2815 349 2871 (1101111115
376 2820 464 2875 quis
488 2810 632 2874 nescit,
646 2821 877 2883 Ciceronem
904 2834 1042 2864 omnes
1067 2824 1144 2874 res,
1173 2836 1274 2877 quae
1301 2824 1352 2864 ad
1376 2824 1461 2866 eius
1490 2826 1650 2866 exilium
1677 2839 1764 2880 per,-
