1878 3020
769 71 820 83 -
884 17 942 95 ὲτ
1003 11 1056 83 -ζ

101 272 105 276 .
150 226 155 234 ‘
194 255 201 265 ²
237 226 258 282 l
280 227 483 292 legantur,
524 241 691 291 probare
732 246 906 281 conatur.
970 241 1075 281 Satis
1121 241 1258 289 habeo,
1307 240 1552 280 adversarios
1598 253 1645 280 ea
1691 241 1755 280 ad·

56 319 234 366 monere,
267 324 368 364 quae
397 310 732 360 Naegelsbachius
764 313 847 361 (lat.
882 312 1048 352 Stilistik
1080 326 1117 363 p.
1143 313 1226 353 435
1249 317 1300 353 et.
1324 311 1452 362 seqq.)
1482 312 1531 350 de
1560 310 1635 350 hoc
1666 311 1753 350 loco

0 381 255 453 ffflxposuit.
886 403 889 406 f

0 465 34 511 ἐξ
34 478 56 495 ,-
202 455 245 494 In
287 450 467 503 proxima
507 452 753 502 paragrapho
792 452 936 492 locutio
977 466 1054 501 „ex
1094 466 1161 491 ore
1201 451 1471 502 impurissimo
1504 451 1593 490 Sex.
1627 450 1754 490 Clodii

34 535 146 567 rem
175 521 469 562 frumentariam
512 533 600 559 esse
642 523 841 572 ereptam“
874 536 994 573 quam
1023 523 1195 561 Wolfius
1227 522 1442 572 pessimam
1473 534 1561 560 esse
1591 521 1751 572 putavit,

61 592 328 644 compluribus
359 591 458 629 locis
499 591 565 638 (ad
596 590 727 638 Quint.
760 592 867 634 fratr.
900 593 916 631 I
947 606 1006 643 ep.
1043 596 1080 641 1,
1123 605 1194 643 pro
1225 592 1342 630 Arch.
1377 604 1409 630 c.
1444 593 1482 638 9,
1524 591 1565 629 111
1602 590 1686 631 Cat.
1721 591 1752 629 11

61 659 95 711 (ς’.
119 647 188 711 1),
231 673 330 712 quos
363 660 561 699 Savelsius
601 660 641 699 in
681 666 891 703 comment.
925 675 962 713 p.
998 665 1052 703 20
1093 663 1142 702 ad
1182 662 1287 700 hunc
1318 662 1449 699 locum
1481 660 1620 708 attulit,
1655 661 1751 699 satis

0 725 289 785 {jdefenditun
350 731 398 769 cf.
432 731 531 769 Phil.
565 731 607 778 ΙΙ,
653 733 724 770 68:
775 735 817 769 tu
857 731 1013 770 illarum
1054 733 1210 770 aedium
1249 731 1310 769 dis
1353 730 1559 780 penatibus
1598 743 1644 768 os
1684 730 1752 768 im·

0 790 319 856 3353⁷purissimum
350 788 582 839 ostendere?
614 804 652 839 et
682 799 726 848 V,
761 803 837 841 20.
870 800 910 839 in
941 814 1004 840 me
1034 802 1237 840 absentem
1268 800 1485 839 orationem
1517 813 1564 838 ex
1596 812 1662 838 ore
1683 799 1751 838 im-

60 872 272 924 purissimo
303 870 486 910 evomuit.

35 926 37 928 V
200 940 244 980 In
273 953 307 979 c.
343 942 396 981 16
428 941 449 987 ἓ
482 942 534 981 41
569 940 685 990 plane
716 940 924 980 artificium
957 941 1156 980 Ciceronis
1188 941 1284 990 fugit
1311 940 1513 988 Wolfium,
1547 940 1625 991 qui,
1658 953 1749 979 cum

0 1004 19 1065 ff
59 1015 190 1051 orator
220 1011 349 1049 solum
381 1009 425 1048 C.
458 1009 667 1048 Caesarem
699 1010 898 1058 cogitaret,
931 1024 1137 1049 numerum
1160 1011 1353 1060 pluralem
1377 1011 1597 1060 „quosdam
1616 1010 1748 1048 viros“

0 1134 3 1135 ⁷
59 1080 268 1120 accusavit.
330 1079 382 1118 At
415 1092 463 1118 ne
494 1079 621 1118 omnis
655 1081 771 1130 culpa
801 1080 841 1119 in
863 1080 1033 1126 Caesare
1064 1081 1148 1122 solo
1180 1080 1356 1119 haereret
1388 1085 1425 1118 et
1455 1080 1493 1118 in
1526 1079 1625 1118 alios
1657 1092 1750 1130 quo-

3 1173 5 1176 <
59 1163 134 1201 que
164 1150 452 1197 transferretur,
486 1149 622 1188 Cicero
654 1151 862 1200 prudenter
894 1155 931 1189 et
962 1156 1074 1189 caute
1105 1150 1248 1200 plurali
1279 1162 1442 1188 numero
1473 1162 1570 1187 usus
1602 1154 1674 1187 est.

0 1205 2 1209 .
197 1220 402 1260 Rariorem
432 1224 547 1258 vocat
576 1219 744 1259 Wolfius
777 1225 1016 1259 structuram
1037 1221 1256 1269 verborum,
1289 1233 1390 1271 quae
1410 1220 1449 1258 in
1471 1233 1503 1258 c.
1527 1219 1628 1258 XVII
1648 1220 1669 1266 ἓ
1693 1223 1748 1260 44

59 1291 255 1340 leguntur,
299 1290 479 1338 ,‚Ve1itis‚
519 1290 703 1338 iubeatis,
743 1295 787 1329 ut
826 1291 876 1329 M.
910 1290 1064 1330 Tullius
1104 1291 1144 1329 in
1181 1290 1333 1329 civitate
1371 1303 1419 1329 ne
1457 1290 1526 1338 sit,
1570 1291 1749 1340 bonaque

60 1361 143 1400 eius
174 1373 263 1400 mea
295 1360 414 1401 sint“.
476 1360 528 1398 At
559 1360 669 1410 pueri
700 1360 840 1408 sciunt,
874 1374 897 1400 a
930 1361 1116 1400 Cicerone
1147 1361 1185 1399 in
1217 1361 1291 1399 hac
1323 1361 1492 1399 formula
1512 1361 1672 1399 verbum
1694 1360 1748 1398 iu·

7 1421 10 1426 ⁵
58 1431 173 1471 bendi
214 1444 369 1481 semper
409 1443 497 1469 cum
540 1431 731 1480 particula
763 1431 859 1479 „ut“
892 1432 1077 1471 construi.
1120 1432 1167 1470 cf.
1201 1431 1250 1473 H.
1283 1432 1431 1481 Menge,
1464 1431 1744 1481 Repetitorium

55 1502 123 1539 der
153 1501 218 1539 lat.
252 1500 497 1539 Grammatik
528 1501 607 1538 und
640 1500 817 1549 Stilistik,
861 1515 899 1551 p.
925 1504 1006 1542 167
1040 1502 1060 1547 ἓ
1094 1504 1202 1548 439;
1246 1506 1446 1551 praeterea
1477 1501 1542 1540 Dr.
1566 1501 1745 1550 Raphael

57 1570 227 1619 Kiihner,
270 1570 537 1609 ausfiihrliche
568 1570 809 1610 Grammatik
839 1571 907 1609 der
938 1571 1193 1610 lateinischen
1225 1571 1411 1621 Sprache.
1453 1570 1495 1618 ΙΙ,
1532 1573 1552 1611 1
1588 1583 1625 1620 p.
1661 1572 1744 1611 530

58 1640 216 1689 („wenn
246 1640 379 1679 iubere
409 1640 517 1679 nicht
548 1641 610 1679 die
641 1641 870 1691 Bedeutung
899 1654 975 1680 von
1005 1641 1168 1688 heissen,
1201 1641 1334 1680 lassen
1365 1640 1444 1688 hat,
1479 1641 1648 1680 sondern
1671 1653 1747 1679 von

57 1711 288 1757 verordnen‚
332 1711 610 1758 beschliel'sen‚
653 1724 697 1749 so
728 1711 824 1749 wird
855 1724 897 1749 es
929 1712 999 1749 mit
1029 1717 1072 1750 ut
1102 1712 1181 1749 und
1212 1711 1365 1759 negativ
1395 1711 1466 1748 mit
1503 1724 1552 1749 ne
1583 1724 1616 1751 c.
1642 1711 1743 1751 coni.

13 1808 21 1830 s
57 1779 338 1828 verbunden“).

198 1849 298 1889 Sunt
328 1851 428 1889 duae
449 1863 525 1898 res,
560 1863 659 1900 quae
680 1850 868 1889 Wolfium
899 1850 938 1889 in
970 1863 1003 1890 c.
1026 1851 1098 1889 XX
1129 1852 1150 1896 ἓ
1184 1853 1236 1891 53
1269 1852 1527 1898 offendebant,
1560 1863 1638 1889 una
1670 1851 1745 1889 sin-

12 1934 16 1940 ·
57 1920 203 1968 gularis
233 1933 420 1960 numerus
452 1920 733 1971 cistophorum,
766 1933 837 1971 pro
869 1934 945 1971 quo
978 1921 1248 1972 cistophorum
1278 1921 1329 1960 M.
1362 1921 1462 1960 lenis
1493 1921 1681 1961 correctio
1710 1921 1745 1960 ei

55 2001 148 2030 esse
159 1990 372 2040 videbatur,
396 1993 518 2031 altera
534 1992 725 2043 Hispania
746 1997 974 2041 memorata,
998 1994 1103 2032 unde
1123 1993 1167 2034 L.
1190 1993 1376 2032 Pisonem
1397 2006 1487 2032 cum
1509 1992 1579 2034 Cn.
1602 1993 1745 2032 Pisone

0 2050 262 2120 sconfusum
303 2049 392 2101 esse
430 2062 640 2102 existimat.
711 2062 764 2101 At
802 2075 1006 2102 censorem
1043 2063 1159 2114 plane
1196 2063 1305 2113 fugit,
1348 2063 1578 2102 Ciceronem
1608 2064 1743 2102 eodem

3 2127 16 2148 ‘³
35 2129 246 2190 ‘singulari
274 2138 392 2171 usum
423 2145 512 2172 esse
541 2133 582 2171 in
612 2122 727 2183 epist.
760 2133 810 2187 ad
839 2133 919 2172 Att.
951 2133 996 2181 11,
1032 2136 1099 2182 16,
1132 2134 1198 2172 ubi
1238 2134 1399 2183 legitur:
1441 2146 1511 2183 ego
1551 2133 1591 2171 in
1631 2133 1745 2172 cisto·

135 2193 143 2207 ⁷
159 2194 270 2241 in
293 2201 406 2243 Asia·
429 2202 556 2247 habeo
595 2203 645 2243 ad
683 2202 732 2248 H.
766 2202 807 2243 S.
839 2203 901 2243 bis
942 2208 979 2243 et
1020 2203 1151 2244 vicies.
1228 2204 1340 2252 Quod
1380 2208 1511 2243 autem
1550 2203 1744 2254 Hispania

193 2270 256 2333 11111
283 2271 503 2315 memorata
532 2278 604 2322 est,
636 2273 679 2313 L.
702 2273 893 2313 Pisonem
918 2280 1010 2315 cum
1030 2274 1103 2313 Cn.
1126 2275 1283 2341 Pisone,
1316 2287 1433 2324 quem
1462 2273 1503 2312 in
1524 2274 1744 2313 citeriorem

164 2332 187 2342 ”⁴
238 2331 241 2334 ’
310 2340 599 2406 *quaestorem
612 2356 684 2395 pro
725 2348 905 2401 praetore
941 2344 1112 2397 missum
1150 2339 1240 2385 esse
1279 2358 1326 2385 ex
1358 2343 1535 2384 Sallustii
1564 2343 1664 2384 libro
1694 2344 1743 2384 de

249 2403 337 2457 Cat
382 2412 552 2464 seimus,
576 2412 674 2455 esse
684 2406 917 2481 connisum
934 2415 1045 2473 1111111
1061 2415 1148 2474 ideo
1178 2414 1387 2456 verisimile
1416 2428 1495 2455 non
1526 2420 1599 2464 est,
1639 2415 1753 2466 quod*

573 2469 831 2528 hucin-xe:
837 2484 1153 2540 cogitasse'non
1172 2485 1363 2563 videtum
1373 2480 1447 2526 sed
1475 2484 1551 2547 hoc
1572 2489 1743 2564 statuen-
