1878 3020
789 22 958 81 432
1014 7 1086 69 ’-”

76 157 337 209 explicatione
367 159 671 210 repugnantiam
701 159 784 200 tolli
815 172 946 210 posse.
979 158 1144 199 Rectam
1162 140 1278 200 *viam
1308 157 1393 199 iniit
1422 156 1674 213 Garatonius,
1700 168 1776 221 'qm

77 228 231 269 collatis
262 229 361 269 locis
392 229 475 287 Pis,
497 242 530 270 c.
556 232 625 279 31,
659 229 761 273 Sest.
785 243 818 271 c.
844 232 897 274 19
930 228 1112 282 scripsit:
1147 229 1358 284 publico⁴
1378 227 1622 283 praesidio
1653 227 1775 270 susci·

76 312 168 352 pere
199 300 334 340 nolui
366 301 389 341 i.
423 314 457 342 e.
492 301 577 342 sine
609 303 815 342 consulum
848 300 1055 353 praesidio.

217 383 388 425 xxxw.
414 388 481 428 91.
515 386 617 426 Non
649 398 741 438 quo
761 384 879 424 mihi
907 366 1235 435 qu0ipi0nis,
1269 383 1536 425 fortissimi
1567 383 1667 424 viri.
1708 381 1776 424 Sic

75 453 221 494 habent
241 455 355 496 codd.
387 456 645 497 Probabiliter
668 456 867 496 contendit
876 455 1046 495 Wolfius
1062 454 1127 495 hic
1147 455 1356 506 legendum
1377 468 1486 500 esse:
1519 467 1609 496 non
1638 455 1773 507 quod.
1806 455 1816 508 J
1835 465 1878 527 ²5}

76 524 125 564 cf.
151 525 329 575 Seyfferti
351 528 429 578 pal.
453 528 534 567 Cic.
556 528 616 569 ed.
639 527 699 567 VI.
724 540 762 578 p.
788 530 841 568 87
860 541 870 567 2
904 539 983 566 non
1004 538 1082 577 quo
1101 526 1179 565 und
1200 538 1280 565 non
1300 527 1405 577 quod
1426 526 1514 566 sind
1536 526 1775 576 keineswegs
1831 542 1836 547 ²

75 596 295 646 identisch3
324 598 434 649 jenes
466 599 606 639 heil'st:
640 598 748 638 nicht
778 598 818 638 in
850 599 918 638 der
936 597 1114 645 Absicht‚
1148 596 1257 637 nicht
1288 597 1348 637 als
1380 598 1495 637 sollte
1525 599 1597 638 das
1617 597 1777 638 heraus·

76 667 273 716 kommen‚
306 669 416 718 dafs;
447 670 596 710 dieses:
628 669 738 708 nicht
768 669 806 708 in
838 668 1054 709 Riicksicht
1083 669 1233 716 darauf,
1266 668 1366 717 dass,
1399 667 1509 707 nicht
1536 668 1638 718 weil,
1671 669 1777 708 stellt

77 740 163 780 also
194 740 257 780 ein
288 740 508 780 wirkliches
540 741 704 781 Factum
734 745 848 781 unter
878 740 941 780 die
971 739 1139 779 Ansicht
1175 739 1244 779 des
1275 739 1494 791 Subjektes.
1547 739 1694 804 Deinde
1724 740 1776 780 le·
1845 736 1878 746 *⁷

80 811 204 861 giturx
247 811 320 850 vis
351 813 372 834 ’⁸‘
395 814 416 835 *
447 812 627 862 privati
658 812 865 851 hominis
896 811 1199 862 displiceret.
1249 810 1342 850 Cod.
1365 810 1454 851 Par.
1478 809 1605 861 prima
1634 823 1777 850 manus
1822 839 1831 841 g

78 882 259 933 praebet:
308 882 383 921 vis
424 882 519 922 inti
564 883 768 934 privati..
823 883 1025 934 Optimam
1071 881 1308 921 medicinam
1350 881 1529 921 Baiterus
1574 880 1671 920 mihi
1713 880 1777 920 his

77 952 204 990 verbis
226 952 454 991 adhibuisse
475 953 638 1001 videtur,
673 953 739 1004 qui
763 952 944 1003 scripsit:
978 951 1254 991 fortissimi
1275 951 1366 990 viri
1387 952 1457 991 vis
1484 952 1530 991 in
1552 951 1621 993 Ti.
1640 951 1776 990 Grac·

76 1022 225 1070 chum,
260 1022 430 1073 privati
470 1023 699 1065 hominis.
771 1023 952 1073 Madvigii
995 1027 1127 1062 autem
1167 1022 1413 1070 coniectura,
1457 1022 1523 1073 qui
1570 1021 1791 1073 poposcit:⁴

75 1106 170 1132 non
202 1106 295 1144 quo
336 1094 451 1134 mihi
482 1095 525 1134 P.
550 1094 827 1146 Scipionis,
870 1093 1138 1133 fortissimi
1170 1092 1281 1141 viri,
1327 1093 1479 1132 virtus
1510 1093 1557 1132 in
1587 1092 1654 1134 Ti.
1688 1092 1775 1144 pri-

75 1163 171 1202 vati
203 1164 426 1214 hominiS‚
459 1165 766 1217 displiceret,
800 1164 895 1205 mihi
927 1177 973 1204 eo
1004 1177 1083 1204 non
1115 1164 1315 1215 probatur,
1350 1164 1454 1215 quod
1485 1163 1620 1203 statim
1651 1163 1776 1215 sequi-

76 1239 161 1273 tur:
196 1236 264 1274 sed
287 1235 483 1286 Scipionis
516 1237 665 1276 factum
697 1236 830 1276 statim
852 1236 895 1275 P.
918 1235 1070 1275 Mucius
1093 1235 1231 1274 consul
1256 1267 1264 1275 .
1290 1267 1298 1275 .
1323 1265 1332 1273 .
1356 1247 1434 1273 non
1455 1235 1572 1273 modo
1593 1233 1774 1282 defendit,
1827 1240 1830 1242 “

76 1306 145 1344 sed
166 1306 286 1345 etiam
307 1307 483 1355 ornavit3
516 1321 642 1359 neque
663 1308 768 1348 enim
789 1308 911 1347 virtus
933 1306 1159 1346 defensione
1183 1306 1331 1356 egebat,
1366 1306 1435 1345 sed
1455 1305 1513 1344 vis
1534 1305 1576 1344 P.
1594 1305 1773 1344 Nasicae.

76 1376 292 1425 Madvigius
316 1382 447 1416 autem
469 1378 630 1428 putavit,
665 1378 907 1425 Ciceronem,
942 1368 1008 1428 qui
1031 1381 1225 1415 armatam
1256 1376 1335 1414 vim
1356 1375 1669 1415 adversariorum
1699 1376 1777 1426 pel-

77 1447 235 1486 lendam
268 1447 390 1487 fuisse
421 1448 597 1496 dixisset,
631 1462 756 1499 neque
788 1449 827 1488 in
860 1461 926 1496 se,
958 1460 1086 1498 neque
1117 1446 1157 1485 in
1188 1446 1230 1486 P.
1264 1445 1429 1494 Nasica,
1467 1445 1547 1484 vim
1577 1445 1777 1497 appellare

75 1517 264 1567 potuisse.
318 1518 394 1558 Sed
417 1519 480 1558 hic
502 1520 738 1559 vocabulum
768 1520 837 1559 vis
869 1532 949 1558 non
971 1518 1101 1557 minus
1128 1522 1264 1568 aptum
1286 1530 1407 1568 quam
1433 1515 1472 1555 in
1494 1516 1664 1555 formula
1683 1515 1776 1555 vim

75 1588 117 1627 vi
148 1590 397 1639 repulsam
429 1589 549 1637 (Sest.
582 1602 616 1629 c.
640 1589 757 1637 XVII)
804 1595 842 1629 et
871 1589 913 1628 vi
944 1588 1020 1628 vis
1052 1588 1194 1627 illata
1225 1587 1313 1639 (pro
1345 1587 1424 1626 Mil.
1458 1599 1493 1626 c.
1525 1586 1604 1634 IV.)
1647 1599 1774 1638 neque

80 1659 268 1699 Cicerone
300 1665 368 1700 aut
399 1660 545 1700 Nasica
576 1660 780 1711 indignum
812 1665 883 1700 est.

216 1742 386 1783 XXXIV.
406 1745 475 1784 91.
509 1743 590 1782 sed
622 1743 870 1793 Scipionis
902 1744 1085 1781 factum
1118 1740 1283 1780 statim
1310 1740 1560 1781 P.Mucius
1590 1742 1776 1789 consul,

76 1811 157 1861 qui
190 1811 236 1850 in
268 1813 473 1862 gerenda
505 1826 555 1852 re
587 1814 850 1864 putabatur
882 1813 1033 1852 fuisse
1066 1811 1274 1861 segnior,
1307 1815 1447 1860 gesta
1480 1843 1489 1852 .
1514 1841 1556 1850 ..
1590 1810 1779 1851 Necessa-

76 1882 179 1920 rium
210 1887 282 1930 est,
315 1883 464 1922 Halmii
494 1889 532 1923 et
562 1884 810 1923 Mommsenii
842 1884 1108 1923 coniecturam
1139 1881 1335 1932 recipere:
1370 1893 1417 1919 re
1448 1886 1596 1930 gesta.

218 1975 371 2014 XXXV.
396 1978 466 2017 93.
500 1975 590 2016 Sed
621 1977 660 2015 si
691 1976 836 2016 mihi.
863 2007 871 2016 .
896 2007 904 2015 .
931 2008 940 2018 .
974 1976 1094 2015 nihil
1125 1987 1345 2026 umquam
1381 1973 1510 2013 aliud
1541 1974 1778 2013 obiectum

75 2050 147 2084 est
178 2045 271 2084 nisi
304 2047 569 2085 crudelitas
601 2060 701 2086 mea
732 2047 870 2086 unius
902 2047 1145 2097 temporis.
1190 2046 1313 2085 Codd.
1347 2044 1543 2094 scriptura
1574 2049 1650 2084 est:
1685 2045 1778 2084 nisi

75 2115 338 2156 crudelitas
379 2129 432 2156 ea
472 2116 679 2159 unius..
709 2148 718 2157 .
745 2133 788 2165 .;
820 2115 1105 2157 Mommsenius
1138 2114 1316 2167 scripsit:
1358 2127 1459 2154 mea
1496 2113 1636 2154 unius
1672 2119 1778 2155 tem-

76 2186 226 2237 poris;
258 2188 327 2226 sed
350 2200 567 2238 pronomen
589 2188 628 2226 h.
652 2189 679 2226 l.
702 2192 1130 2239 supervacaneumest.
1165 2187 1278 2234 Quod
1305 2198 1430 2236 nuper
1450 2185 1666 2235 Madvigius
1688 2198 1778 2225 con·

74 2256 164 2296 iecit
186 2271 222 2308 p.
248 2259 351 2298 223:
375 2257 588 2297 crudelitas
611 2262 655 2297 et
676 2271 728 2298 ea
748 2258 890 2298 unius
911 2257 1161 2309 temporis,
1185 2269 1425 2308 quamquam
1443 2260 1592 2296 rectum
1615 2269 1779 2296 sensum

74 2328 204 2376 habet,
236 2341 315 2368 non
347 2333 429 2367 tam
460 2329 510 2368 ad
542 2328 779 2380 scripturam
801 2329 912 2368 codd.
936 2329 1121 2368 accedere
1152 2326 1248 2367 mihi
1281 2326 1430 2366 videtur
1460 2320 1579 2378 quam
1608 2326 1776 2367 Halmii:

74 2412 221 2452 eaque
252 2399 392 2439 unius
424 2399 670 2451 temporis.

214 2493 401 2534 XXXVII.
425 2496 495 2536 98.
516 2493 734 2544 Madvigius
751 2507 789 2546 p.
809 2497 892 2536 223
912 2494 1137 2546 proposuit:
1161 2491 1323 2533 subire
1343 2492 1777 2532 conservandorum
1832 2511 1842 2551 3

73 2563 247 2602 civium
287 2576 434 2604 causa
472 2577 623 2615 neque
663 2565 813 2605 vitare
844 2570 924 2612 cet;
966 2578 1060 2604 nam
1091 2564 1155 2603 vix
1187 2564 1390 2603 ferendum
1420 2576 1510 2604 esse
1540 2568 1681 2615 atque
1711 2555 1850 2622 i'tassg'ff

72 2646 175 2673 cum
207 2647 277 2685 pro
309 2647 356 2674 eo
387 2634 575 2686 positum,
618 2634 722 2686 quod
763 2640 868 2675 esset
908 2634 1048 2687 idque
1078 2647 1193 2678 cum.
1243 2632 1348 2674 Sane
1377 2633 1672 2690 concedendum
1702 2619 1842 2685 &fs-51

71 2704 112 2744 h.
136 2705 162 2744 i.
195 2718 275 2744 non
295 2718 429 2745 veram
460 2705 701 2757 scripturam
731 2706 846 2747 nobis
880 2707 1065 2746 traditam
1087 2718 1194 2754 esse;
1227 2705 1297 2745 sed
1327 2705 1451 2746 nolim
1471 2714 1564 2765 cum
1580 2701 1845 2756 Madvigio⁹

73 2775 245 2817 scribere
289 2789 440 2829 neque
484 2776 653 2826 vitare3
705 2790 798 2818 nam
828 2778 866 2826 -ἓ
898 2778 979 2820 101
1027 2781 1125 2818 extr.
1172 2775 1366 2818 eandem
1421 2769 1592 2827 subibo
1635 2776 1848 2831 atquef
