1878 3020
771 89 1058 135 „37-

183 215 301 256 ⁴LIV.
326 216 422 256 138.
456 204 565 264 quid
595 213 708 262 dici,
752 213 862 264 quid
893 214 916 259 †
950 225 1134 264 praere,
1177 211 1287 262 quid
1318 210 1462 261 tangi.
1523 210 1760 262 Recipienda

68 291 128 325 est
157 285 304 326 Halmii
335 284 579 324 coniectura:
622 283 733 335 quid
765 283 953 335 praeiri.
1002 283 1106 329 cf.·§
1140 284 1245 323 133:
1294 286 1342 320 ut
1372 281 1487 320 mihi
1521 281 1759 332 praeeatis

73 337 353 409 posffemque
383 354 611 394 teneatis.

174 432 178 435 ’
211 438 286 477 LV.
313 439 408 479 141.
453 437 493 476 si
525 437 616 476 iste
647 437 670 483 †
702 442 852 476 metus
884 437 1044 476 furore
1085 435 1367 483 instinctus,
1412 435 1595 474 scelere
1636 447 1761 485 prae-

30 558 34 562 ,
71 522 183 559 ceps
216 539 224 548 .
250 539 258 547 .
283 539 291 547 .
317 539 325 547 .
360 507 461 546 Cum
491 508 564 546 tria
596 508 839 547 substantiva
870 507 960 555 sint,
994 513 1121 546 metu
1152 507 1268 555 (nonz
1303 511 1478 552 metus;
1511 519 1637 556 neque
1658 506 1762 544 enim

70 579 233 617 dubium
263 583 335 626 est,
369 577 460 628 quin
484 577 619 617 Cicero
642 578 861 628 scripserit:
895 576 1039 625 metu)
1071 578 1243 624 furore,
1279 577 1473 623 scelere,
1506 581 1547 614 ut
1569 575 1763 626 tripartita

72 649 122 687 sit
143 648 280 696 oratio,
314 648 562 698 participium
584 649 633 686 ad
655 648 944 688 substantivum
975 652 1099 686 metu
1123 647 1295 697 positum
1316 646 1597 685 desideramus.
1632 646 1764 696 Itaque

72 719 320 759 scribendum
352 732 439 758 esse
459 718 629 758 videtur:
664 718 696 758 si
729 719 802 758 iste
832 724 939 758 metu
970 717 1285 765 exanimatus,
1320 717 1449 756 furore
1465 716 1674 755 instinctus
1695 747 1703 755 .
1724 747 1732 755 .
1754 747 1762 755 .

73 790 157 839 (H.)
189 790 236 829 cf.
261 802 299 840 p.
322 789 400 828 Mil.
425 802 458 829 e.
484 792 550 837 24,
577 792 652 829 65:
694 802 772 828 non
805 795 981 840 poteram
1011 789 1051 828 in
1082 789 1187 827 illius
1220 788 1297 827 mei
1331 788 1556 838 patriaeque
1587 787 1762 826 custodis

74 866 181 901 tanta
213 861 436 912 suspicione
466 873 546 900 non
577 865 704 900 metu
735 861 1006 903 exanimari.

213 943 305 982 LVI.
327 945 423 985 143.
456 947 612 981 tamen
640 943 712 981 illi
741 943 785 981 di
813 948 1021 993 penates.
1055 942 1312 991 Madvigiusl.
1331 942 1356 982 l.
1376 954 1413 991 p.
1428 945 1513 982 224
1531 941 1775 1000 particulam

74 1020 230 1052 tamen
261 1012 408 1063 optime
438 1013 602 1052 mutavit
632 1014 693 1052 in.
726 1013 828 1053 iam.

216 1093 324 1133 LVII.
349 1096 445 1135 146.
481 1096 559 1133 sed
590 1095 729 1134 etiam
760 1095 894 1134 urbis
925 1095 1137 1145 partibus
1172 1095 1289 1133 velle
1321 1107 1427 1132 esse
1458 1094 1704 1144 privatum.

216 1176 388 1216 Maxima
425 1177 599 1217 convicia
628 1178 880 1217 Marklandus
919 1178 1100 1229 scriptori
1137 1177 1228 1217 fecit
1266 1182 1424 1228 propter
1455 1178 1592 1216 verba:
1634 1175 1767 1215 urbis

79 1247 307 1298 partibus.
368 1248 447 1286 Aut
479 1248 671 1299 stupidus,
704 1248 829 1299 inquit
850 1249 968 1287 homo
990 1248 1154 1297 Anglus,
1188 1248 1259 1286 fuit
1289 1248 1352 1286 hic
1374 1247 1517 1294 rhetor3
1550 1252 1617 1286 aut
1637 1246 1768 1285 ebrius

76 1322 170 1367 erat,
203 1331 323 1369 quum
353 1318 451 1358 haec
482 1318 681 1361 scriberet.
746 1319 821 1359 Sed
852 1319 927 1367 hoc
965 1332 1120 1370 quoque
1151 1319 1250 1368 loco,
1284 1323 1327 1358 ut
1359 1318 1588 1367 sexcenties,
1631 1318 1768 1369 paucis

76 1389 214 1427 litteris
246 1390 406 1428 mutatis
438 1390 562 1428 oratio
596 1403 641 1429 ea
672 1391 725 1438 fit,
759 1396 800 1429 ut
832 1392 940 1429 nulla
971 1391 1051 1429 iam
1081 1391 1251 1438 indigeat
1273 1390 1511 1429 defensione.
1554 1389 1657 1428 Nam
1678 1402 1767 1427 cum

76 1459 116 1498 in
139 1460 224 1499 cod.
248 1459 336 1501 Par.
361 1459 551 1510 scriptum
573 1460 643 1499 sit:
678 1460 893 1511 patribus
916 1461 1031 1509 (nont
1066 1458 1311 1512 partibus).
1345 1460 1494 1511 Ieepius
1511 1459 1586 1498 hoc
1607 1458 1768 1509 vestigio

76 1529 268 1567 insistens
301 1529 478 1579 scripsit:
512 1530 643 1568 urbis
676 1531 860 1580 patriae
890 1532 1003 1568 visu.
1068 1531 1144 1568 Sed
1167 1531 1199 1568 si
1222 1543 1311 1567 cum
1331 1531 1406 1568 hac
1428 1532 1449 1576 ἓ
1471 1531 1625 1575 verba§
1650 1532 1766 1569 145.:

77 1606 172 1640 tum
203 1599 315 1639 mihi
347 1614 394 1640 re
432 1600 626 1652 publica
662 1600 921 1652 aliquando
952 1601 1183 1641 restituta
1223 1600 1393 1640 liceret
1423 1600 1530 1649 frui,
1564 1605 1601 1640 et
1630 1601 1651 1648 ἓ
1685 1602 1765 1642 146

79 1671 244 1720 primae:
278 1676 376 1709 tota
407 1672 518 1709 urbe
549 1684 698 1719 careo,
723 1672 1024 1722 comparaveris,
1056 1671 1255 1719 intelleges
1278 1671 1506 1709 Ciceronem
1539 1671 1766 1721 scripsisse:

78 1741 210 1780 urbis
243 1741 425 1792 patriae
456 1755 546 1781 usu
576 1742 709 1781 velle.
745 1742 829 1791 (H.)

262 1964 312 2002 ΙΙ.
357 1963 413 2002 De
442 1963 486 2001 iis
513 1965 644 2011 rebus,
674 1976 774 2014 quae
804 1966 942 2002 contra
969 1962 1154 2001 historiae
1183 1963 1300 2001 fidem
1330 1962 1474 2012 scripta
1502 1974 1588 2014 esse

832 2033 1024 2072 dicuntur.

219 2121 530 2172 Deprehendisse
561 2122 633 2161 sibi
662 2122 894 2161 videbantur
921 2121 1174 2161 Marklandus
1215 2126 1253 2161 et
1280 2121 1451 2161 Wolfius
1479 2121 1626 2170 multa,
1669 2134 1769 2172 quae

79 2192 139 2230 vel
167 2192 208 2230 in
227 2196 451 2243 temporum
472 2193 607 2232 ordine
628 2193 771 2243 scripta
790 2196 923 2232 essent
943 2196 1080 2232 contra
1102 2193 1318 2240 historiam,
1347 2193 1484 2240 multa,
1513 2205 1614 2242 quae
1634 2205 1657 2230 a
1677 2204 1768 2231 vero

81 2261 268 2301 Cicerone
298 2263 411 2314 plane
440 2263 551 2302 aliter
569 2266 834 2311 narrarentur,
864 2266 930 2301 aut
959 2276 1059 2313 quae
1078 2263 1117 2301 in
1137 2263 1211 2301 hac
1232 2262 1407 2302 oratione
1436 2262 1490 2302 sic
1510 2262 1769 2309 traderentur,

80 2336 122 2372 ut
151 2332 327 2373 Ciceroni
364 2347 443 2373 non
481 2333 746 2382 convenirent,
784 2333 931 2372 multos
967 2346 1132 2381 errores,
1167 2334 1290 2372 multa
1325 2333 1611 2384 peregrinitatis
1645 2333 1768 2384 signa,
1798 2334 1809 2341 ’

80 2404 216 2453 multa,
236 2417 336 2455 quae
350 2405 589 2445 declamator
603 2406 651 2444 de
666 2418 737 2444 suo
752 2404 907 2455 ingenio
920 2403 1203 2443 admiscuisset.
1224 2405 1405 2443 Poteram
1419 2408 1547 2443 autem
1570 2407 1770 2443 tantorum

81 2474 254 2514 virorum
273 2475 437 2515 crimina
455 2476 699 2527 perlustrans
718 2475 849 2514 animo
870 2474 1048 2522 deficere,
1070 2477 1113 2513 ut
1132 2474 1244 2513 facile
1264 2487 1287 2513 a
1304 2474 1505 2525 proposito
1525 2475 1771 2522 recederem,

81 2545 150 2584 sed
178 2545 216 2584 id
244 2559 307 2585 me
335 2547 625 2596 consolabatur,
656 2548 772 2608 quod,
802 2559 893 2586 cum
911 2544 1040 2587 studia
1068 2544 1117 2584 ad
1136 2544 1407 2584 Romanorum
1425 2545 1642 2593 historiam,
1672 2545 1770 2586 anti·

79 2615 258 2666 quitates,
286 2615 380 2655 iuris
409 2617 612 2656 scientiam
630 2616 865 2668 pertinentia
892 2615 1002 2654 nulta
1030 2618 1157 2653 aetate
1184 2615 1322 2653 laetius
1343 2615 1618 2664 effloruissent,
1649 2628 1769 2666 quam

42 2730 45 2733 ,
79 2688 247 2734 nostra,
243 2698 331 2736 ego
350 2685 541 2737 plurimos
569 2691 609 2727 et
627 2687 892 2739 amplissimos
919 2686 1041 2725 libros
1061 2688 1215 2725 exstaie
1244 2685 1332 2733 vidi,
1361 2698 1410 2725 ex
1429 2685 1572 2736 quibus
1600 2686 1649 2725 ad
1668 2685 1773 2726 hanc

79 2754 295 2795 orationem
334 2757 579 2796 tractandam
613 2761 652 2796 et
698 2756 988 2808 explanandam
1021 2755 1191 2794 multum
1229 2755 1390 2794 subsidii
1428 2759 1562 2806 petere
1599 2769 1772 2807 possem.

1 2867 16 2883 ,Α
46 2866 48 2868 ,
77 2823 247 2868 Maxime
275 2829 410 2867 autem
435 2826 677 2879 Drumanno,
706 2827 788 2868 viro
814 2825 982 2879 egregio,
1009 2825 1249 2878 permultum
1277 2838 1341 2866 me
1369 2825 1512 2866 debere
1540 2826 1677 2876 fateor,
1707 2826 1773 2879 qui
