1878 3020
797 48 1043 95 -47-

0 150 80 206 ἶ
65 173 180 214 anno
210 172 368 214 demum
393 175 460 215 79.
491 171 667 223 Appium
696 170 819 211 fuisse
839 172 1044 212 consulem
1074 171 1184 222 fugit.
1216 170 1268 221 (v.
1290 170 1494 211 Drumann
1516 165 1763 221 11,p.184).

0 235 40 294 ἕξί
74 234 160 285 Hoc
181 249 313 285 autem
333 241 544 284 ve1isimile
563 241 725 291 videtur,
749 241 938 294 Appium,
959 255 1050 282 cum
1071 254 1176 282 anno
1195 244 1249 284 89
1273 245 1455 293 praetura
1475 253 1567 281 eum
1587 240 1766 280 functum

74 328 162 356 esse
183 315 404 364 (Drumann
425 315 469 356 ΙΙ.
493 328 531 365 p.
557 313 656 361 184)
688 318 726 352 et
747 313 915 353 Cinnam
945 314 995 353 ab
1026 326 1129 353 anno
1152 316 1220 355 87.
1245 317 1428 363 quattuor
1458 312 1643 362 deinceps
1676 324 1765 351 con-

73 384 226 426 sulatus
259 384 431 435 gessisse
463 387 633 431 constet,
674 382 911 434 praetorium
942 383 1009 423 illo
1040 388 1216 434 tempore
1253 383 1347 422 foris
1379 382 1534 434 aliquod
1566 381 1765 432 negotium

71 444 250 507 publi&
260 454 491 495 auctoritate
521 453 706 504 gessisse.

3 512 8 574 ἶ
211 526 354 575 Magna
384 530 444 565 est
463 524 680 565 Marklandi
706 524 856 573 levitas,
890 538 968 575 qua
990 524 1040 572 (e.
1063 525 1203 564 XXXII
1224 526 1245 573 ἓ
1266 522 1460 573 83).duas
1481 523 1655 563 diversas
1687 522 1764 574 epi-

9 595 16 651 J
73 597 196 638 stolas
227 609 252 636 a
283 600 421 636 senatu
452 597 501 636 ad
523 600 676 636 exteras
708 594 885 635 civitates
915 595 1072 644 missas,
1107 608 1272 646 quarum
1304 596 1426 635 altera
1447 593 1671 633 nationibus
1702 606 1764 632 ex-

0 678 2 680 ’
72 668 165 708 teris
197 666 396 706 Ciceronis
429 668 537 707 salus
569 667 927 714 commendabatur,
961 667 1084 706 altera
1116 667 1234 706 sociis
1266 667 1402 717 populi
1433 658 1619 712 Romani,
1661 664 1762 715 quod

70 750 161 778 eum
191 736 375 777 benevole
410 736 662 788 recepissent,
706 736 852 788 gratiae
890 737 1117 787 agebantur,
1160 751 1184 777 a
1215 737 1404 788 scriptore
1440 736 1478 775 h.
1500 749 1556 775 or.
1579 735 1764 775 confundi

70 809 175 848 dicit.
225 807 298 846 His
329 814 461 848 autem
490 809 588 847 locis
620 813 774 858 praeter
804 809 909 847 hunc
930 822 1066 847 earum
1087 823 1110 847 a
1131 808 1318 848 Cicerone
1339 808 1484 848 mentio
1506 808 1566 847 fit:
1610 807 1650 846 in
1682 807 1762 847 Pis.

72 891 106 921 c.
129 878 217 926 XV;
250 890 320 929 pro
351 877 451 918 Sest.
476 891 508 917 c.
532 878 616 926 LX;
656 890 726 928 pro
755 877 887 917 Plane.
911 890 944 917 c.
967 878 1126 926 XXX113
1165 879 1357 918 Paradox.
1380 878 1442 917 IX.
1496 877 1596 925 Quia
1633 881 1764 916 autem

71 949 139 988 illo
170 949 271 996 loco,
313 949 379 988 ubi
412 949 552 999 prioris
591 948 793 998 epistolae,
832 961 909 998 qua
941 948 1141 988 Ciceronis
1173 950 1281 988 salus
1312 948 1536 988 nationibus
1567 960 1763 986 commen·

70 1020 247 1066 dabatur,
270 1020 388 1058 verba
411 1024 563 1058 servata
585 1023 687 1066 sunt,
722 1019 858 1058 Cicero
879 1019 973 1058 civis
997 1025 1246 1070 servatorque
1262 1019 1425 1070 reipubl.
1460 1019 1516 1066 (in
1532 1017 1610 1058 Pis.
1629 1032 1663 1058 c.
1678 1017 1762 1065 XV)

22 1129 27 1132 ,
71 1091 302 1142 appellatur,
336 1103 426 1129 cum
457 1089 523 1128 illo
553 1090 652 1137 loco,
694 1088 758 1128 ubi
792 1089 983 1140 posterior
1013 1090 1179 1140 epistola
1210 1094 1551 1137 commemoratur,
1590 1088 1687 1127 nihil
1717 1089 1765 1127 de

70 1162 145 1202 hac
160 1161 421 1212 appellatione
438 1161 629 1211 scriptum
652 1161 713 1208 sit,
736 1161 1007 1218 Marklandus,
1024 1161 1211 1212 quoniam
1229 1162 1267 1201 h.
1287 1162 1311 1201 l.
1332 1161 1560 1212 posterioris
1576 1159 1765 1211 epistolae

71 1232 125 1272 ita
162 1232 309 1272 mentio
346 1232 401 1279 fit,
442 1236 484 1270 ut
523 1230 562 1269 in
601 1244 647 1270 ea
679 1230 907 1270 Ciceronem
938 1230 1063 1270 civem
1093 1231 1240 1281 optime
1271 1232 1319 1270 de
1349 1230 1551 1281 republica
1582 1230 1765 1269 meritum

72 1302 250 1341 similiter
281 1307 396 1353 atque
426 1302 466 1340 in
488 1301 627 1351 priore,
661 1302 901 1351 appellatum
929 1314 1017 1340 esse
1038 1301 1251 1348 videamus,
1284 1306 1430 1340 temere
1449 1302 1549 1340 duas
1576 1301 1764 1350 epistolas

72 1387 96 1413 a
112 1373 375 1412 declamatore
392 1372 577 1411 confundi
595 1372 757 1422 putavit.
791 1371 843 1411 At
864 1371 1093 1422 posterioris
1115 1372 1303 1422 epistolae
1323 1385 1519 1423 nusquam
1541 1375 1766 1411 accuratam

72 1443 310 1482 mentionem
327 1442 409 1482 fieri
424 1442 676 1482 Marklandus
694 1441 781 1492 ipse
798 1441 986 1481 concedit.
1019 1442 1159 1481 Nonne
1179 1442 1295 1492 igitur
1317 1442 1356 1481 in
1379 1442 1594 1492 posteriore
1610 1455 1765 1492 quoque

72 1515 251 1564 epistola,
274 1515 322 1553 de
339 1527 416 1564 qua
437 1518 590 1563 praeter
607 1525 732 1563 pauca
747 1513 847 1552 Sest.
861 1514 978 1553 verba
999 1512 1065 1561 (—
1088 1513 1199 1552 cuius
1214 1527 1403 1564 umquam
1423 1518 1581 1564 propter
1597 1513 1765 1552 salutem

72 1584 148 1624 nisi
164 1597 292 1623 meam
311 1588 470 1623 senatus
489 1583 644 1634 publice
661 1582 778 1622 sociis
796 1582 931 1634 populi
943 1583 1108 1622 Romani
1125 1583 1269 1632 gratias
1287 1584 1364 1633 egit
1378 1579 1451 1636 —-)
1466 1583 1562 1623 nihil
1578 1583 1764 1623 traditum

73 1659 144 1702 est,
179 1654 318 1693 similis
350 1655 560 1705 appellatio
590 1654 790 1694 Ciceronis
822 1659 939 1704 atque
969 1654 1009 1693 in
1042 1655 1168 1704 priore
1200 1668 1287 1694 esse
1318 1659 1497 1706 poterat?
1540 1654 1645 1694 Num
1675 1655 1766 1694 licet

72 1724 161 1764 ilico
178 1725 226 1763 de
243 1724 472 1763 confusione
493 1724 688 1774 cogitare?
719 1724 800 1763 Iam
816 1737 921 1772 vero,
944 1725 1047 1775 quod
1063 1725 1111 1763 de
1131 1725 1393 1775 appellatione
1413 1725 1502 1775 ipsa
1513 1725 1766 1779 Markland-us

72 1795 331 1846 reprehendit,
354 1795 528 1834 eiusdem
550 1795 716 1834 levitatis
738 1800 809 1835 est.
850 1795 970 1835 Cuius
991 1796 1109 1835 verba
1129 1795 1227 1835 haec
1249 1801 1357 1836 sunt:
1391 1809 1483 1836 cum
1505 1796 1599 1835 civis
1620 1795 1767 1847 optime

71 1865 119 1904 de
148 1865 301 1916 republ.
323 1864 486 1904 meritus
507 1864 688 1904 tralaticii
716 1865 876 1904 honoris
909 1865 1119 1916 appellatio
1152 1865 1213 1914 sit,
1247 1871 1285 1905 et
1315 1867 1519 1914 eiusmodi,
1554 1880 1655 1917 quae
1682 1880 1765 1905 sex-

72 1935 219 1974 centies
251 1935 400 1973 civibus
421 1935 527 1973 omni
549 1940 727 1985 tempore
747 1936 864 1974 tribui
896 1941 1042 1986 posset,
1077 1937 1256 1976 absimile
1276 1951 1367 1976 vero
1387 1938 1548 1984 videtur,
1582 1942 1663 1976 tam
1685 1951 1767 1987 per·

72 2005 262 2045 functorie
291 2018 396 2044 nunc
426 2005 552 2044 virum
584 2006 736 2045 laudari
757 2020 780 2045 a
802 2011 952 2055 senatu,
986 2021 1009 2046 a
1036 2020 1114 2057 quo
1141 2012 1257 2047 antea
1283 2008 1586 2058 appellationem
1613 2008 1768 2047 tulisset

30 2122 32 2124 v
73 2075 224 2114 infinito
265 2075 494 2126 ampliorem
528 2080 564 2114 et
604 2076 701 2115 nulli
732 2089 921 2127 umquam
952 2077 1025 2116 civi
1061 2077 1311 2127 impertitam.
1362 2079 1414 2118 At
1454 2091 1544 2117 cum
1576 2078 1711 2117 Cicero
1743 2091 1767 2116 a

73 2147 95 2193 ἓ
120 2148 172 2187 72
195 2159 237 2186 se
257 2159 459 2197 nunquam
481 2147 646 2194 exulem,
680 2147 750 2186 sed
772 2159 928 2198 semper
948 2147 1072 2187 civem
1093 2148 1215 2196 fuisse
1236 2150 1490 2196 demonstret,
1524 2149 1561 2188 h.
1585 2149 1613 2188 l.
1635 2149 1767 2199 appel-

72 2215 167 2256 latio
189 2215 312 2265 „civis
334 2216 480 2268 optime
501 2218 549 2265 de
568 2217 771 2268 republica
791 2217 983 2257 meritus“
1011 2230 1057 2257 eo
1080 2218 1210 2268 aptior
1230 2224 1302 2267 est,
1325 2220 1429 2269 quod
1449 2231 1594 2257 nomen
1615 2217 1765 2265 ‚‚civis“

41 2274 121 2326 {Ide
142 2299 220 2338 quo
241 2286 381 2337 agitur,
403 2286 444 2326 in
465 2300 510 2326 eo
532 2287 658 2337 magis
679 2292 808 2328 exstat
829 2293 946 2340 atque
967 2293 1152 2340 apparet3
1184 2303 1278 2329 nam
1297 2289 1338 2328 in
1358 2290 1482 2330 altera
1503 2288 1766 2340 appellatione

1 2393 6 2396 .
40 2413 43 2415 ‚
75 2353 198 2414 „civis
228 2361 480 2397 conservator
508 2357 775 2408 reipublicae‘¹
805 2372 950 2399 nomen
982 2358 1132 2407 ‚,civis“
1164 2359 1295 2399 minus
1315 2365 1421 2399 esset
1441 2359 1699 2409 conspicuum
1727 2363 1765 2398 et

11 2424 40 2475 J
73 2420 242 2480 81ὶῶ11111
253 2431 532 2475 „conservator
547 2427 811 2478 reipublicae“
828 2433 933 2468 esset
948 2429 1117 2478 gravius.
1150 2429 1202 2468 At
1217 2429 1256 2469 h.
1272 2430 1296 2468 l.
1315 2442 1393 2468 non
1409 2430 1458 2468 de
1478 2433 1763 2475 conservatore,

0 2495 55 2547 ’ζ
74 2509 118 2538 se
145 2494 212 2577 de
213 2495 312 2552 (εἰη
338 2495 477 2551 agitur.

140 2608 143 2609 γ
161 2562 501 2619 Argumentum
517 2560 810 2629 peregrinitatis
818 2568 1047 2617 Marklando
1062 2580 1151 2608 esse
1165 2567 1328 2616 videtur,
1351 2567 1482 2619 quod
1470 2580 1512 2607 m
1527 2580 1561 2608 c
1571 2567 1762 2609 XXXXV.

148 2636 229 2689 U
239 2633 402 2682 tnhuno
426 2637 484 2703 91.
507 2634 683 2699 licuisse
690 2636 924 2692 punnfioem
951 2636 1035 2679 vel
1040 2637 1282 2691 denuntiare
1311 2638 1371 2679 vel
1408 2650 1548 2688 cogere
1577 2639 1631 2679 ad
1657 2638 1766 2680 func·

105 2703 225 2771 ms„
225 2705 433 2756 numana
452 2705 523 2765 ‘sui
534 2708 760 2765 scriptum
764 2708 861 2755 est
896 2699 1008 2764 ΩΨ
1023 2709 1065 2750 in
1093 2721 1137 2751 re
1165 2700 1344 2761 Dionysii
1373 2707 1501 2752 Halia.
1523 2721 1560 2749 a.
1582 2722 1614 2751 t.
1632 2709 1678 2758 11,
1710 2712 1763 2752 78

232 2775 337 2819 ula
337 2772 721 2838 pontificesfiusse
730 2771 1036 2826 ἀνῦπεοθὸνους
1042 2777 1186 2833 πάσης
1208 2775 1328 2833 δίκης
1356 2789 1409 2821 τε
1424 2776 1660 2835 walt-mxime
1689 2785 1767 2821 tra·
