1878 3020
783 61 1072 105 ...42-

73 182 238 233 tivisset,
261 181 301 223 in
318 177 342 235 ξ
362 186 413 226 11
439 196 529 224 eum
546 196 719 232 narrare,
743 188 924 223 senatum
944 182 985 222 in
1006 182 1199 234 templum
1213 181 1456 223 Concordiae
1475 193 1564 222 esse
1579 169 1869 224 manufirm-

74 254 226 293 Censor
257 259 419 304 putasse
449 255 610 302 videtur,
643 267 722 293 uno
744 255 806 293 die
837 259 1019 293 senatum
1040 266 1128 292 esse
1159 253 1349 293 habitum.
1395 254 1446 293 At
1467 267 1514 293 ex
1537 253 1617 293 Cic.
1639 265 1702 303 ep.
1725 252 1776 292 ad
1807 266 1853 309 ⁴231?

73 324 249 367 Atticum
265 325 366 364 datis
384 324 545 373 scimus,
570 337 649 364 non
671 336 749 363 uno
765 324 838 373 die,
863 324 931 363 sed
953 323 1224 375 compluribus
1241 324 1378 364 diebus
1396 328 1577 364 senatum
1596 322 1775 363 habitum
1807 308 1813 329 ³

72 400 123 442 et,
164 408 255 433 cum
287 400 448 434 senatus
480 396 707 441 habebatur,
749 406 987 433 concursum
1019 405 1107 432 esse
1138 394 1321 435 factum.'
1354 395 1457 434 Nam
1487 395 1562 435 1.1.
1584 390 1676 433 1V1
1701 388 1725 444 δ
1749 395 1774 433 6
1807 395 1811 435 1

74 465 265 516 scriptum
296 470 372 505 est:
408 465 490 514 „Eo
521 464 639 504 biduo
671 476 762 502 cum
794 468 898 503 esset
929 475 1110 503 annonae
1142 476 1321 503 summae
1351 464 1496 510 caritas
1528 468 1565 504 et
1594 462 1795 520 homines·
1827 463 1878 505 4³³2

74 536 123 574 ad
154 536 353 574 theatrum
375 536 513 586 primo,
546 534 685 573 deinde
713 534 761 572 ad
785 539 967 573 senatum
989 534 1281 573 concurrissent
1298 557 1308 574 .·
1328 565 1336 574 .
1356 566 1365 574 .
1400 548 1492 574 cum
1513 547 1581 586 per
1602 547 1670 574 eos
1691 533 1774 573 dies

73 612 236 645 senatus
257 607 304 644 de
326 619 484 645 annona
515 605 724 643 haberetur
755 610 792 643 et
813 606 863 644 ad
894 605 978 644 eius
1001 605 1318 656 procurationem
1339 618 1521 645 sermone
1543 618 1622 644 non
1644 606 1774 644 solum

75 676 199 727 plebis
218 709 226 717 .
244 706 252 715 .
273 707 281 715 .
321 675 534 725 Pompeius
566 679 788 723 vocaretur3
824 708 832 716 .
854 708 863 717 .
885 706 893 714 .
927 676 1214 726 multitudoque
1236 689 1259 714 a
1280 687 1343 714 me
1373 674 1609 714 nominatim
1641 680 1773 725 postu-

73 748 190 786 laret:
223 746 388 784 Factum
419 751 479 784 est
501 750 662 784 senatus
684 746 910 784 consultum
938 746 978 784 in
1009 759 1138 784 meam
1171 746 1416 793 sententiam,
1452 775 1486 784 ..
1509 778 1517 786 .
1539 778 1547 786 .
1580 744 1775 783 Postridie

72 822 232 855 senatus
256 815 480 866 frequens“.
514 815 648 866 ltaque
680 828 770 854 cum
802 816 1072 865 compluribus
1104 816 1242 855 diebus
1274 820 1435 854 senatus
1466 814 1623 854 habitus
1655 819 1770 863 esset,

73 887 108 926 id
142 888 246 938 quod
278 887 317 925 in
345 887 420 925 hac
441 886 617 926 oratione
639 899 795 937 quoque
816 898 849 925 c.
873 885 921 924 IV
944 886 1137 937 scriptum
1159 891 1218 925 est
1250 886 1388 937 (quam
1410 884 1644 925 sententiam
1664 884 1771 924 dixi?

72 971 172 1009 quae
203 963 286 997 erat
317 957 585 1008 superioribus
607 957 745 997 diebus
777 956 924 1006 agitata
954 957 994 995 in
1027 957 1196 1005 senatu),
1229 970 1309 996 non
1330 962 1401 1005 est,
1435 970 1504 996 cur
1525 956 1769 1004 haereamus,

72 1041 163 1067 cum
186 1028 379 1078 scriptum
401 1028 592 1077 legamus,
616 1032 654 1066 et
674 1027 714 1065 in
733 1026 972 1077 Capitolium
994 1032 1033 1066 et
1052 1027 1093 1066 in
1114 1027 1307 1077 templum
1328 1026 1570 1067 Concordiae
1591 1030 1772 1065 senatum

71 1112 160 1138 esse
192 1104 387 1140 vocatum.
430 1100 479 1139 cf.
502 1099 719 1145 Drumann,
742 1097 785 1135 ΙΙ.
807 1111 846 1148 p.
866 1100 963 1146 305,
995 1112 1034 1137 n.
1059 1100 1126 1139 12.
1171 1097 1318 1144 Savels,
1343 1102 1552 1138 comment.
1586 1110 1623 1147 p.
1645 1100 1710 1137 12.

212 1168 273 1206 Ad
290 1168 328 1206 id
349 1180 439 1206 vero
461 1169 564 1217 quod
594 1172 772 1206 notatum
795 1172 854 1205 est
875 1179 908 1205 c.
932 1167 997 1204 VII
1019 1168 1040 1214 ἓ
1060 1170 1126 1215 17,
1150 1172 1351 1206 auctorem
1371 1167 1516 1206 verbis:
1541 1165 1626 1215 „sic
1648 1165 1773 1205 reditu

71 1251 158 1276 meo
180 1259 228 1265 —
249 1239 410 1277 reducta
431 1237 663 1276 videantur“
685 1250 766 1276 non
782 1237 950 1276 dilucide
971 1237 1120 1276 dixisse
1142 1250 1268 1288 neque
1299 1238 1433 1276 forsan
1449 1237 1580 1287 ipsum
1597 1236 1771 1284 scivisse,

71 1321 167 1347 num
199 1308 278 1347 iam
311 1307 435 1358 pridie
466 1307 551 1347 Kal.
576 1307 663 1346 Oct.
687 1307 858 1357 aliquem
890 1308 1071 1347 effectum
1092 1307 1296 1347 habuisset
1317 1306 1571 1346 frumentaria
1598 1311 1773 1357 potestas

71 1379 246 1428 Pompei,
286 1379 360 1417 hoc
382 1379 624 1417 monendum
646 1391 734 1417 esse
754 1378 917 1426 videtur,
950 1378 1018 1417 illa
1048 1379 1167 1418 verba
1199 1380 1248 1418 ad
1279 1391 1457 1417 annonae
1477 1378 1665 1416 vilitatem
1686 1389 1774 1416 esse

71 1449 285 1496 referenda,
320 1461 451 1499 quam,
485 1460 575 1487 cum
606 1452 767 1487 senatus
794 1448 842 1486 de
863 1447 1063 1487 Ciceronis
1092 1449 1336 1488 restitutione
1361 1447 1607 1496 decrevisset,
1642 1447 1774 1486 statim

74 1518 318 1556 successisse
339 1531 387 1557 ex
410 1518 527 1557 huius
550 1530 605 1557 or.
630 1531 662 1557 c.
682 1518 731 1555 VI
753 1518 923 1565 scimus;
955 1519 1141 1558 reditus
1174 1524 1305 1558 autem
1327 1519 1514 1558 vocabulo
1542 1531 1588 1557 ea
1607 1518 1665 1557 vis
1686 1519 1775 1556 sub-

72 1588 171 1627 iecta
203 1593 275 1636 est,
321 1602 400 1639 qua
431 1601 511 1627 non
542 1588 673 1627 minus
706 1601 824 1638 quam
858 1588 897 1626 in
919 1589 940 1635 ἓ
965 1591 1016 1629 17
1041 1589 1209 1629 reditum
1240 1603 1264 1629 a
1285 1603 1323 1640 p.
1346 1589 1393 1630 R.
1417 1590 1616 1629 decretum
1646 1589 1706 1627 vel
1726 1588 1775 1627 de

72 1658 198 1696 reditu
230 1659 431 1697 decretum
463 1658 680 1707 significat3
712 1658 803 1696 huic
825 1659 980 1696 decreto
1004 1651 1292 1708 quodammodo
1322 1659 1533 1709 opponitur
1564 1659 1772 1704 adventus;

72 1741 165 1766 nam
188 1741 279 1766 cum
302 1727 435 1778 paullo
458 1732 549 1777 post
567 1726 768 1766 Ciceronis
789 1727 958 1766 reditum
979 1741 1137 1768 annona
1158 1742 1278 1779 opera
1293 1729 1455 1780 Pompei
1476 1729 1772 1779 ingravesceret,

71 1803 114 1837 ut
144 1798 224 1837 iam
247 1798 364 1849 plane
384 1797 519 1848 inopia
540 1810 587 1837 ac
619 1798 757 1846 fames,
791 1811 871 1837 non
892 1798 1036 1838 caritas
1058 1799 1271 1848 timeretur,
1306 1799 1442 1839 Cicero
1464 1799 1504 1838 in
1526 1804 1664 1838 senatu
1686 1811 1774 1838 eam

71 1868 306 1907 sententiam
337 1868 446 1915 dixit,
479 1873 522 1907 ut
553 1880 624 1918 pro
655 1868 844 1906 beneficio
878 1869 1013 1919 populi
1034 1869 1203 1908 Romani
1234 1870 1380 1920 aliquid
1409 1874 1640 1920 praestaret.
1688 1869 1774 1916 Qua

71 1938 264 1976 sententia
304 1950 384 1976 non
424 1938 554 1976 solum
594 1938 739 1976 famem
771 1950 859 1976 esse
889 1939 1109 1989 depulsam,
1153 1940 1221 1978 sed
1252 1939 1370 1978 etiam
1400 1939 1504 1978 cives
1535 1953 1558 1978 a
1589 1939 1775 1978 caede'et

73 2007 264 2047 incendiis
296 2020 385 2047 esse
406 2008 601 2055 defensos,
635 2007 785 2056 Cicero,
819 2020 910 2047 cum
930 2008 1032 2048 hanc
1055 2009 1273 2049 orationem
1293 2009 1465 2058 haberet,
1499 2015 1535 2049 et
1556 2009 1642 2060 ipse
1663 2008 1774 2048 scivit

73 2084 110 2118 et
141 2079 182 2118 in
214 2091 247 2118 c.
271 2078 353 2117 VIII
384 2079 405 2125 ἓ
431 2080 483 2119 18
517 2077 686 2117 dilucide
716 2077 825 2117 dixit.

215 2149 422 2188 Praeterea
444 2148 613 2187 Wolfius
646 2148 704 2195 (in
725 2161 758 2187 c.
781 2148 866 2186 XIII
897 2149 918 2195 ξ
942 2148 1015 2196 34)
1047 2149 1225 2198 miratur,
1258 2162 1426 2199 augures
1458 2150 1597 2189 adesse
1627 2149 1702 2188 dici
1732 2149 1773 2188 in

72 2219 142 2259 tali
164 2231 297 2268 causa,
330 2231 431 2270 quae
452 2218 609 2269 proprie
630 2218 679 2257 ad
700 2218 930 2269 pontificum
951 2218 1213 2269 cognitionem
1235 2218 1484 2271 pertinuerit3
1515 2231 1642 2270 neque
1668 2217 1774 2258 enim

71 2290 284 2330 verisimile
316 2303 417 2337 esse,
450 2289 540 2328 illos
572 2289 660 2328 ideo
691 2290 864 2337 affuisse,
903 2291 1008 2340 quod
1040 2291 1216 2341 plerique
1248 2290 1452 2342 pontifices
1483 2290 1600 2329 iidem
1631 2289 1774 2329 fuerint

71 2373 253 2410 augures,
277 2365 345 2399 aut
365 2365 569 2410 tamquam
590 2359 825 2399 sententiam
846 2361 1013 2408 laturos;
1045 2365 1194 2400 restare
1209 2373 1314 2411 ergo,
1337 2365 1381 2400 ut
1401 2373 1493 2400 cum
1513 2360 1686 2400 Ferratio
1708 2372 1774 2399 au·

71 2443 188 2480 gures
204 2430 376 2479 fortuito,
390 2442 471 2469 non
485 2429 710 2469 necessario
725 2434 953 2480 praesentes
973 2435 1170 2482 putentur,
1187 2435 1255 2471 aut
1269 2431 1319 2471 ad
1332 2443 1421 2471 eam
1436 2430 1673 2486 sententiam·
1683 2442 1773 2469 con·
1799 2443 1802 2445 ·

71 2500 253 2550 fugiatur,
277 2512 378 2550 quae
398 2504 456 2539 tot
477 2498 673 2539 similibus
694 2500 990 2540 difficultatibus
1011 2502 1224 2551 medeatur,
1246 2506 1291 2541 ut
1315 2501 1393 2541 ista
1411 2502 1530 2541 verba
1549 2501 1667 2540 verba
1683 2512 1772 2540 esse

71 2571 291 2611 credantur.
313 2570 367 2611 At
381 2569 478 2610 mihi
492 2582 619 2622 neque
631 2569 713 2610 ilud
725 2583 851 2622 neque
863 2570 939 2610 hoc
954 2571 1152 2622 probatur.
1175 2572 1280 2612 Nam
1292 2572 1327 2613 si
1341 2577 1449 2613 recta
1460 2576 1567 2612 esset
1579 2569 1772 2612 sententia
1790 2605 1802 2617 ,.
1852 2571 1863 2613 1

70 2641 249 2690 Ferratii,
282 2641 350 2692 qui
380 2641 438 2689 (in
468 2640 583 2692 epist.
606 2640 777 2680 Venetiis
802 2641 933 2691 1738)
964 2654 1133 2692 augures
1165 2643 1375 2683 advocatos
1406 2642 1607 2683 Ciceronis
1632 2645 1672 2681 et
1692 2633 1772 2680 non

69 2717 275 2763 tamquam
305 2712 466 2762 iudices,
500 2712 570 2752 sed
600 2724 737 2752 eorum
766 2717 899 2762 testes,
932 2726 1034 2764 quae
1054 2713 1232 2754 dicturus
1262 2718 1379 2763 esset,
1411 2713 1608 2753 fuisse'ex
1627 2709 1794 2771 verbisvg
1838 2714 1878 2776 *553

70 2794 173 2835 quae
204 2781 247 2822 in
270 2781 399 2824 unde
418 2782 503 2823 har.
526 2794 721 2836 responso
750 2782 933 2835 leguntur
953 2783 1157 2834 „maximi
1185 2783 1404 2846 frequentia
1428 2781 1771 2836 ampligeimojeum
