1878 3020
788 78 1077 123 ..25-

231 202 349 245 XVII
372 204 442 245 44.
477 199 665 249 Quaero
686 199 823 249 enim,
857 199 967 252 quid
988 199 1053 239 sit
1073 198 1213 239 aliud
1235 198 1587 251 proscribere:
1611 198 1784 239 Velitis

0 280 45 324 ᾗ(
75 280 173 317 εει.
228 273 294 314 Sic
326 272 494 312 codices.
556 271 737 310 Halmius
778 271 1003 322 suspicatus
1040 276 1099 310 est
1136 283 1191 310 ac
1229 270 1461 321 particulam
1504 275 1594 309 ante
1624 271 1784 309 verbum

0 340 52 396 ξρῑζζ
90 343 361 399 proscribendi
390 341 596 383 excidisse.
638 341 810 392 Langius
832 342 888 393 (p.
914 340 985 390 10)
1007 341 1148 381 melius
1169 354 1258 380 esse
1284 341 1432 392 putavit
1463 353 1626 391 prorsus
1656 340 1785 380 delere

91 415 324 457 vocabulum
356 412 624 464 proscribendi
654 412 785 463 inepte
815 426 862 452 ex
895 412 1213 452 antecedentibus
1245 411 1465 462 repetitum.
1528 411 1605 450 Sed
1637 411 1784 450 Halmii

90 486 312 526 coniectura
333 495 516 533 magnam
538 482 916 522 commendationem
944 483 1060 522 habet
1088 495 1135 522 ex
1157 494 1243 533 cap.
1266 482 1358 521 XX:
1392 482 1539 532 quid?
1571 481 1783 520 nominis

89 554 359 606 inscriptio
389 553 478 593 tibi
515 566 625 592 num
663 553 797 593 aliud
837 554 1027 592 videtur
1068 565 1174 592 esse
1206 565 1256 592 ac
1295 565 1507 591 meorum
1548 552 1783 591 bonorum

89 625 334 678 direptio?
400 651 404 656 -

121 748 124 751 Ι
230 695 436 736 XV11.45.
469 707 577 733 nam
613 705 719 733 cum
756 699 856 733 tam
893 695 1151 734 moderata
1191 693 1380 732 iudicia
1427 693 1595 744 populi
1633 693 1730 732 sint
1761 707 1784 732 a

89 767 351 807 maioribus
384 765 661 813 constituta,
696 764 897 815 primum
928 770 975 804 ut
1006 778 1061 804 ne
1083 796 1092 805 .
1118 798 1127 807 .
1151 796 1161 805 .
1185 796 1194 805 .
1228 765 1405 804 deinde.
1434 777 1488 803 ne
1511 795 1654 804 .....
1689 769 1784 803 tum

90 837 239 877 multa
269 836 413 876 etiam
445 836 500 874 ad
531 836 816 886 placandum
847 841 988 886 atque
1018 835 1395 874 misericordiam
1428 835 1522 874 reis
1554 847 1785 874 concessa

91 907 205 957 sint,
237 907 406 947 deinde
436 905 698 946 exorabilis
731 907 956 957 populus,
990 906 1149 946 facilis
1182 906 1468 956 suffragatio
1501 900 1585 957 pro'
1615 906 1781 954 salute,

90 978 292 1028 denique
323 977 465 1016 etiam
496 976 535 1015 si
565 989 656 1027 qua
686 990 761 1016 res
792 976 928 1015 illum
959 977 1080 1015 diem
1112 982 1190 1016 aut
1220 976 1453 1027 auspiciis
1485 981 1564 1015 aut
1595 989 1782 1015 excusa·

92 1049 222 1088 tione
254 1047 465 1095 sustulit,
497 1053 597 1086 tota
627 1060 771 1087 causa
801 1047 1121 1098 iudiciumque
1152 1048 1397 1087 sublatum·
1423 1048 1483 1086 sit
1488 1078 1633 1089 .....

232 1117 380 1167 Langio
412 1117 467 1167 (p.
493 1117 563 1164 24)
596 1122 679 1156 tum
711 1117 938 1156 adverbium
970 1122 1198 1168 suspectum
1230 1117 1444 1158 videbatur.
1478 1114 1591 1165 „Nisi
1623 1117 1781 1166 igitur“‚

87 1189 229 1238 inquit,
263 1187 520 1236 „Ciceronem
550 1188 829 1227 anacoluthum
862 1188 1111 1226 commisisse
1142 1193 1313 1226 statuere
1343 1189 1537 1235 volumus,
1570 1193 1670 1226 tum
1701 1200 1783 1226 cor-

64 1249 294 1308 ‘rigendum
325 1257 397 1296 erit
427 1257 490 1296 in:
525 1256 671 1299 cum“.
714 1256 790 1297 Sed
820 1257 859 1297 h.
882 1257 908 1299 l.
942 1257 1220 1297 anacoluthum
1253 1257 1352 1297 ferre
1383 1257 1488 1297 malo
1519 1270 1638 1309 quam
1669 1257 1781 1296 codd.

91 1329 328 1380 scripturam
358 1333 521 1367 mutare.
585 1328 627 1367 In
649 1328 1010 1367 enumerationibus
1041 1328 1147 1368 enim
1167 1334 1205 1367 et
1225 1328 1440 1368 maioribus
1462 1327 1631 1380 periodis
1654 1328 1782 1367 istius-

90 1399 196 1439 modi
227 1399 437 1451 pravitates
468 1399 772 1439 constructionis
805 1398 888 1439 fieri
920 1400 1057 1440 solent.
1111 1399 1274 1449 „Cicero
1306 1399 1501 1440 interdum
1532 1400 1571 1439 in
1603 1399 1696 1439 talia
1727 1399 1781 1439 in-

92 1470 210 1509 cidit“
273 1471 441 1521 (Madvig
471 1471 519 1510 de
549 1471 614 1510 fin.
649 1485 685 1522 p.
722 1471 833 1518 162).

231 1541 273 1581 In
305 1542 441 1581 eadem
471 1542 493 1588 ξ
525 1541 697 1590 Langius
729 1542 785 1592 (p.
812 1542 882 1590 14)
914 1555 1005 1580 cum
1036 1555 1125 1580 eum
1156 1542 1331 1580 iudicet
1374 1547 1463 1592 post
1503 1542 1697 1581 multam
1729 1541 1781 1579 ir-

90 1617 223 1662 roget
243 1612 466 1660 offenderet,
485 1611 714 1650 Ciceronem
736 1624 874 1662 quam
894 1612 1088 1651 mul-tam
1110 1612 1288 1662 irroget
1309 1618 1388 1651 aut
1409 1612 1583 1663 capitis
1605 1612 1780 1651 iudicet

90 1683 300 1734 scripsisse
330 1682 507 1721 coniecit.
571 1682 678 1722 Haec
710 1682 935 1722 coniectura
966 1696 1042 1721 non
1088 1688 1149 1723 est
1178 1683 1426 1731 necessaria3
1466 1683 1643 1722 iudicet
1679 1682 1781 1721 idem

90 1758 150 1793 est
179 1758 296 1805 atque
327 1753 562 1792 sententiam
592 1753 632 1792 in
662 1766 705 1792 re
737 1754 894 1805 capitali
926 1754 1035 1796 ferat.
1090 1754 1130 1793 In
1164 1755 1380 1801 extrema§
1413 1753 1662 1793 scribendum
1694 1765 1782 1792 esse

90 1824 342 1881 sustulerit
373 1820 588 1872 (Halmius)
621 1824 822 1875 probabile
852 1830 924 1864 est.

229 1894 343 1934 XVII.
367 1898 434 1936 45.
467 1895 581 1934 haec
613 1908 715 1934 cum
745 1895 810 1935 ita
841 1896 903 1935 sit
944 1895 991 1935 in
1027 1908 1094 1944 re,
1131 1895 1208 1935 ubi
1248 1895 1423 1935 crimen
1461 1900 1533 1935 est
1566 1929 1574 1937 .
1599 1926 1607 1935 .
1633 1926 1642 1935 .
1677 1894 1780 1934 Mad-

90 1965 214 2015 vigius
245 1979 283 2016 p.
308 1968 389 2006 217
424 1965 608 2005 coniecit:
642 1966 707 2005 ita
739 1966 834 2005 sint
865 1967 911 2005 in
942 1979 1033 2015 reo,
1066 1966 1156 2006 ubi.

230 2036 327 2084 Dici,
360 2027 510 2086 inquit,v
529 2036 693 2075 debebat
724 2036 888 2076 saltem:
921 2037 961 2076 in
993 2050 1038 2076 ea
1069 2050 1123 2086 re,
1156 2037 1221 2076 ubi
1244 2037 1391 2076 crimen
1413 2037 1474 2077 sit.
1530 2037 1606 2076 Sed
1628 2037 1780 2076 facilius

89 2106 187 2146 mihi
217 2107 419 2146 ferendum
450 2107 623 2146 videtur:
656 2106 701 2146 in
732 2120 799 2156 re,
832 2108 910 2146 ubi
941 2107 1118 2147 crimen
1150 2113 1221 2146 est
1252 2121 1394 2158 quam:
1439 2108 1552 2147 haec
1584 2121 1685 2147 cum
1717 2108 1782 2146 ita

90 2177 186 2217 sint
217 2177 263 2217 in
293 2190 393 2226 reo;
424 2177 564 2217 deinde
593 2177 671 2216 ubi
703 2178 876 2228 positum
896 2191 985 2217 esse
1006 2191 1077 2229 pro
1109 2177 1154 2217 in
1183 2191 1271 2228 quo
1303 2179 1553 2217 statuendum
1574 2184 1645 2226 est,
1677 2178 1781 2217 velut

92 2248 133 2288 in
164 2248 205 2287 is
235 2249 355 2288 unde
386 2248 564 2299 petitur
595 2247 691 2287 illud
722 2249 842 2287 unde
870 2248 1063 2288 habemus
1095 2262 1183 2299 pro:
1218 2263 1241 2288 a
1272 2261 1377 2299 quo.
1439 2248 1629 2299 Equidem
1650 2253 1781 2287 autem

90 2319 213 2358 nolim
229 2318 408 2358 Ciceroni
430 2318 599 2357 tribuere
619 2331 742 2366 reum,
766 2318 806 2357 in
827 2331 905 2368 quo
926 2322 1145 2366 accusator,
1168 2318 1208 2357 in
1230 2331 1306 2368 quo
1327 2323 1447 2357 testes
1469 2323 1572 2357 sunt.
1605 2318 1782 2368 Denique

89 2388 283 2430 sententia
313 2388 391 2440 qui
422 2401 572 2439 neque
603 2389 772 2428 adesse
804 2387 866 2428 sit
897 2380 1059 2428 iussus
1090 2401 1240 2439 neque
1263 2417 1273 2428 .
1297 2419 1305 2428 .
1331 2420 1339 2428 .
1373 2393 1630 2428 accusatus
1662 2401 1783 2439 oppo-

87 2458 193 2500 nitur
221 2458 304 2499 illi:
337 2459 415 2499 ubi
447 2459 625 2498 crimen
656 2464 740 2508 est,
773 2459 852 2499 ubi
882 2464 1146 2507 accusator,
1179 2459 1257 2498 ubi
1289 2465 1450 2499 testes.
1490 2459 1531 2498 In
1564 2459 1782 2506 extrema§

87 2529 303 2580 Madvigius
333 2534 438 2569 recte
469 2529 650 2581 scripsit:
683 2530 853 2581 putari.

228 2595 358 2640 XVIII.
382 2603 450 2642 46.
484 2605 533 2640 ut
571 2614 650 2641 eas
690 2601 887 2641 nimium
923 2600 1076 2651 multi,
1118 2606 1329 2652 egentes,
1373 2600 1662 2652 sumptuosi,
1705 2612 1784 2641 no-

76 2671 209 2726 ,biles
240 2671 597 2722 concupiscant.

196 2791 198 2793 V
227 2741 399 2792 Langius
436 2742 492 2793 (p.
518 2742 588 2790 10)
626 2748 760 2783 censet
800 2748 868 2783 aut
906 2742 1090 2782 nobiles
1127 2747 1329 2793 tamquam
1373 2741 1552 2793 ineptum
1587 2741 1785 2793 glossema

86 2808 295 2853 delendum
324 2816 392 2852 aut
423 2811 674 2852 scribendum
698 2807 812 2854 esse:
845 2812 1033 2854 nobiles
1064 2812 1331 2864 ignobiles;
1363 2826 1455 2853 nam
1477 2813 1674 2854 offendere
1694 2818 1786 2865 post
