1878 3020
13 215 207 276 '‘f‘aliquid
237 223 442 264 excidisse.
507 222 584 263 Sed
615 235 704 264 cum
737 225 777 264 in
798 224 998 265 Ciceronis
1030 226 1271 266 orationibus
1293 226 1360 267 illa
1381 227 1605 268 anacoluthi
1627 227 1754 267 forma

11 338 15 342 s
59 309 148 337 raro
178 296 408 343 inveniatur,
443 295 760 346 supplementum
805 302 864 337 est
909 299 1188 339 necessarium.
1250 300 1378 352 Atque
1418 302 1752 351 Naegelsbachius

60 373 217 426 quidem
249 371 476 424 proposuit:
510 371 799 411 inconstans
830 370 997 419 fuisti;
1029 385 1160 420 nam3
1193 373 1255 412 cui
1287 386 1357 423 ego
1389 373 1442 413 ita
1473 374 1678 422 assentior,
1711 378 1754 412 ut

62 446 250 486 scribam:
292 443 586 483 inconstans
617 444 797 491 fueris3
834 457 951 483 nam.
1014 444 1185 494 Langius
1217 445 1271 495 (p.
1307 444 1369 493 ⁸1)
1400 445 1753 495 Naegelsbachium

31 519 34 522 ’
59 516 100 556 in
131 516 273 556 lacuna
303 514 496 565 explenda
528 528 551 554 a
581 527 672 554 vera
694 514 894 554 Ciceronis
927 515 1120 555 sententia
1150 516 1355 556 aberrasse
1376 516 1554 564 censuit3
1588 529 1666 555 non
1698 516 1753 556 in-

60 586 323 627 constantiam
344 585 486 625 iterum
507 587 893 626 commemorandam
913 586 1047 634 fuisse,
1082 587 1149 625 sed
1171 586 1465 637 impudentiam,
1499 600 1618 637 quam
1639 592 1755 627 antea

17 658 19 660 ’
60 670 215 709 quoque
246 656 294 704 (V
297 656 355 705 111,
390 656 461 704 20)
495 656 630 695 Cicero
661 658 950 707 exprobrasset.
1012 657 1183 695 Minime.
1246 658 1334 696 Non
1365 664 1448 697 erat
1462 689 1471 705 ,
1516 671 1585 696 cur
1617 658 1753 697 Cicero

60 728 187 768 denuo
230 728 270 767 in
318 727 601 778 impudentiam
645 727 770 767 Clodii
814 713 1070 769 inveheretur.
1150 728 1225 767 Sed
1257 728 1295 767 h.
1328 729 1353 768 l.
1402 733 1534 768 orator
1579 729 1751 780 exponit,

59 799 212 849 duabus
244 798 283 838 in
314 799 431 837 rebus
464 797 645 837 Clodium
689 798 976 837 inconstantem
1019 798 1142 837 fuisse
1158 829 1166 845 ‚
1213 811 1304 837 cum
1347 804 1384 837 et
1416 799 1502 849 ipse
1545 799 1753 849 imperium

59 868 269 908 Ptolemaei
302 868 403 918 regis
436 868 661 919 publicandi
693 881 813 908 causa
844 874 954 908 extra
985 869 1159 908 ordinem
1182 869 1347 908 deferret
1378 874 1415 908 et
1437 869 1639 917 Catonem,
1663 882 1754 908 cum

59 944 174 979 antea
204 939 238 977 ei
270 952 414 988 magna
446 939 620 979 convicia
641 939 810 987 fecisset,
843 939 934 978 huic
956 940 1108 989 negotio
1131 940 1368 990 praeficeret.
1417 940 1502 979 Hoc
1524 939 1753 979 Ciceronem

60 1009 245 1057 sensisse,
268 1022 315 1048 ex
337 1009 489 1048 verbis:
523 1008 682 1060 Neque
715 1010 761 1048 in
782 1010 875 1049 hoc
907 1011 1067 1059 solum
1089 1010 1488 1049 inconstantiam
1509 1012 1753 1060 redarguo

30 1073 36 1078 K
58 1085 186 1119 tuam
214 1080 476 1129 intellegitur;
509 1080 548 1119 in
571 1081 712 1131 quibus
733 1081 968 1120 vocabulum
1000 1094 1018 1119 s
1033 1081 1164 1119 olum
1195 1094 1274 1119 non
1297 1082 1354 1120 ad*
1368 1081 1674 1120 inconstantiam
1694 1095 1753 1120 re-

59 1150 148 1189 ferri
171 1154 310 1200 potest,
345 1152 412 1189 sed
433 1163 524 1190 cum
545 1151 777 1200 pronomine
807 1152 898 1190 hoc
930 1152 1244 1200 coniungendum
1277 1157 1347 1190 est.
1401 1152 1534 1202 Itaque
1564 1152 1662 1190 haec
1693 1157 1753 1190 est

59 1221 274 1260 sententia:
308 1221 443 1272 Neque
475 1222 513 1261 in
534 1221 610 1261 hoc
642 1222 771 1261 solum
804 1235 858 1261 sc.
881 1221 921 1260 in
953 1234 998 1261 eo
1030 1223 1133 1272 quod
1165 1227 1219 1270 tu,
1253 1234 1493 1272 quamquam
1514 1235 1635 1272 negas
1666 1236 1754 1262 esse

57 1306 191 1332 verum
223 1305 460 1343 quemquam
491 1292 561 1330 ulli
592 1292 646 1331 rei
679 1292 857 1342 publicae
900 1297 1010 1331 extra
1041 1293 1218 1331 ordinem
1252 1292 1420 1342 praefici,
1467 1298 1599 1331 tamen
1642 1298 1753 1332 extra

57 1363 234 1402 ordinem
264 1362 473 1413 imperium
504 1362 688 1410 detulisti,
722 1362 1027 1402 inconstantiam
1058 1364 1248 1412 redarguo
1281 1368 1402 1410 tuam,
1452 1364 1519 1402 sed
1564 1362 1682 1402 etiam
1714 1363 1751 1401 in

58 1446 103 1471 eo
135 1434 238 1483 quod
269 1438 311 1472 tu
341 1434 417 1472 hoc
447 1433 655 1482 imperium
687 1434 736 1472 ad
769 1433 956 1472 Catonem
975 1464 983 1480 ,
1030 1446 1269 1483 quamquam
1302 1439 1416 1472 antea
1447 1446 1537 1471 eum
1568 1433 1751 1472 conviciis

57 1503 327 1551 innessiveras,
360 1503 544 1543 detulisti.

198 1574 260 1613 IX.
296 1578 362 1615 22.
396 1574 502 1612 dein
535 1573 773 1622 gratulari
804 1573 907 1621 tibi,
942 1575 1062 1623 quod
1094 1574 1143 1613 M.
1169 1573 1403 1612 Catonem
1435 1587 1457 1612 a
1490 1574 1752 1612 tribunatu

58 1649 135 1683 tuo
166 1644 466 1684 removisses
500 1649 549 1683 et
570 1645 698 1694 quod
730 1643 878 1682 eidem
909 1643 954 1682 in
977 1649 1229 1694 posterum
1259 1644 1315 1682 de
1337 1643 1751 1683 extraordinariis

60 1716 392 1766 potestatibus
424 1716 702 1755 libertatem
733 1715 1026 1755 ademisses.

198 1786 362 1826 Codices
392 1787 560 1826 habent:
593 1786 720 1825 idem
750 1786 797 1825 in
828 1792 1094 1837 posterum.
1158 1786 1325 1825 Ursinus
1357 1791 1395 1824 et
1425 1785 1658 1825 Gulielmius
1690 1785 1753 1824 ad-

56 1857 156 1896 iecta
187 1870 265 1896 una
295 1858 406 1897 litera
447 1858 579 1896 idem
615 1857 656 1895 in
688 1857 839 1896 eidem
870 1862 1130 1898 mutaverunt.
1170 1857 1386 1906 Madvigius
1418 1856 1457 1894 in
1487 1857 1637 1895 advers.
1668 1855 1751 1894 crit.

56 1931 83 1966 t.
117 1927 159 1965 ΙΙ.
194 1941 231 1978 p.
256 1929 340 1968 216
373 1927 600 1978 proposuit:
650 1928 773 1978 quod
804 1927 993 1967 dicendi
1024 1928 1071 1966 in
1103 1933 1353 1978 posterum
1396 1928 1449 1965 de
1480 1925 1755 1965 extraordi-

56 1997 213 2037 nariis
245 1999 589 2048 potestatibus
620 1999 907 2038 libertatem
928 1999 1206 2038 ademisset.
1240 1999 1418 2048 Langius
1433 2010 1587 2048 quoque
1608 1997 1662 2047 (p.
1684 1997 1754 2043 13)

56 2068 250 2106 omissum
281 2070 499 2116 genetivum
533 2069 772 2119 querendi
804 2070 861 2107 vel
894 2068 1120 2115 dicendi,
1166 2069 1234 2106 sed
1280 2081 1369 2106 eum
1401 2073 1491 2106 ante
1521 2067 1753 2106 vocabulum

55 2137 340 2180 libertatem
371 2139 622 2180 inserendum
654 2139 826 2179 credidit.
888 2139 983 2179 Mihi
1001 2139 1217 2189 Madvigius
1249 2144 1352 2178 recte
1373 2137 1530 2189 quidem
1561 2135 1753 2175 dicendi

57 2221 127 2258 pro
159 2215 343 2260 corrupta
375 2211 570 2260 scriptura
601 2211 734 2248 idem
767 2210 1029 2257 substituisse,
1069 2211 1137 2248 sed
1169 2211 1300 2247 locum
1331 2221 1409 2246 non
1441 2209 1557 2257 plane
1589 2220 1753 2246 sanasse

55 2278 217 2320 videtur.
252 2280 431 2321 Scribere
451 2280 608 2321 debuit:
643 2280 768 2331 quod
800 2279 840 2319 ei
871 2279 1069 2320 dicendi
1091 2279 1140 2319 in
1161 2284 1415 2330 posterum
1434 2310 1442 2318 .
1464 2310 1471 2317 .
1493 2310 1500 2317 .
1521 2276 1751 2325 (Halmius).

199 2350 260 2389 IX.
296 2354 363 2392 23.
413 2351 520 2401 quis
570 2351 751 2389 bellum
801 2362 903 2389 cum
952 2349 1296 2400 pacatissimis
1344 2348 1593 2398 gentibus,
1642 2348 1753 2398 quis

57 2422 319 2470 pecuniam
350 2423 407 2461 ad
451 2422 681 2461 emendos
726 2434 872 2471 agros
917 2420 1269 2467 constitutam,
1317 2424 1535 2469 ereptam
1580 2432 1634 2457 ex
1681 2428 1755 2466 sui

57 2490 290 2531 Caesaris
322 2493 467 2531 rebus
491 2491 635 2540 actis,
669 2491 778 2542 quis
810 2491 1069 2542 imperium
1100 2490 1356 2529 infinitum
1387 2489 1553 2528 dedit?

199 2562 363 2602 Codices
394 2563 560 2602 habent:
599 2555 705 2613 quis
735 2563 916 2601 bellum
948 2561 1285 2612 pacatissimis
1319 2560 1560 2610 gentibus.
1593 2559 1755 2598 Wesen-

31 2624 214 2682 'Bergius
244 2633 295 2672 ad
325 2632 406 2674 Cic.
429 2633 548 2673 Tusc.
570 2632 672 2682 disp.
696 2637 794 2682 part.
829 2632 876 2670 ΙΙΙ
907 2646 944 2682 p.
970 2635 1023 2673 25
1056 2631 1289 2682 proposuit:
1322 2631 1469 2669 bellum
1500 2642 1610 2668 cum
1641 2643 1755 2680 paca·

55 2701 220 2742 tissimis
251 2701 444 2753 gentibus
494 2701 597 2742 Ante
617 2702 722 2741 hunc
754 2702 832 2741 iam
854 2702 1051 2741 Gesner-us
1082 2701 1228 2741 librarii
1260 2714 1391 2740 errore
1422 2700 1755 2751 praepositionem

56 2784 169 2830 cum
199 2772 377 2813 excidere
408 2763 588 2823 potuisse
616 2766 844 2824 putaveram
876 2772 945 2813 sed
975 2772 1114 2813 maluit
1144 2771 1380 2820 existimare,
1412 2784 1433 2810 e
1465 2770 1666 2810 Ciceronis
1699 2783 1757 2810 ra-

59 2844 165 2892 tione
195 2857 294 2895 esse,
333 2842 483 2884 nomini
513 2843 699 2885 bellium
729 2843 940 2896 adiungere
968 2856 1107 2885 casum
1138 2843 1243 2885 verbi
1275 2843 1445 2882 bellandi
1477 2843 1581 2882 velut
1613 2842 1654 2881 in
1685 2841 1754 2888 eis,

2 2915 6 2923 .
1035 2917 1042 2924 .
1469 2910 1512 2948 2*
