1878 3020
642 78 818 144 κ-
881 79 938 156 29
980 94 1051 145 '-

78 279 80 281 ,
199 233 349 275 XXVII.
375 234 442 276 71.
476 232 559 273 sed
590 245 663 273 me
693 232 764 274 ita
792 247 905 274 esse
935 233 984 274 in
1015 233 1293 285 republica,
1339 232 1489 284 magis
1521 238 1572 273 ut
1603 245 1754 273 arces-

88 303 189 346 itus
219 305 428 357 imperio
465 300 641 356 ‘populi
672 304 878 346 Romani
912 304 1106 346 viderer
1146 318 1283 356 quam
1325 306 1380 346 ad
1418 304 1754 345 administran-

89 389 161 431 am
191 376 443 417 civitatem
471 376 750 417 restitutus.

0 497 8 502 .
180 447 365 499 *Wolfius
397 460 477 488 non
507 447 612 489 aliud
643 448 859 489 remedium
889 448 982 489 vidit
1019 448 1081 489 his
1113 448 1269 500 ineptiis
1309 447 1385 488 nisi
1424 460 1611 499 magnum
1654 446 1748 487 illud

0 521 95 558 et
124 518 275 566 efficax,
309 518 478 560 lituram.
526 519 603 560 Sed
632 520 761 559 maius
782 524 820 559 et
841 519 983 560 melius
1011 520 1104 559 vidit
1132 519 1361 569 Madvigius,
1396 519 1463 570 qui
1493 519 1519 560 l.
1539 519 1563 558 l.
1588 519 1615 558 Ι.
1639 532 1677 569 p.
1698 521 1748 559 51

57 588 217 640 scripsit
251 588 445 640 particula
483 603 623 641 quam
658 589 699 629 in
736 603 850 630 suam
889 590 1020 630 sedem
1059 594 1252 631 retracta:
1295 589 1420 640 magis
1458 594 1501 629 ut
1540 588 1753 629 arcessitus

13 651 220 712 imperio
252 673 290 711 p.
323 659 369 700 R.
402 661 551 701 viderer
582 662 632 700 ad
663 660 1018 701 administrandam
1049 661 1245 702 civitatem
1277 674 1395 712 quam
1426 661 1642 700 restitutus.
1692 704 1695 709 Δ

10 788 12 791 ,
198 742 347 784 XXVII.
375 746 442 784 72.
475 744 635 794 ipsum
667 757 753 794 per
786 756 834 782 se
864 757 1047 783 nomen.
1094 743 1241 783 Halmii
1273 743 1538 782 coniecturam
1570 742 1754 794 recipien-

0 812 147 859 [.dam
178 825 341 852 censeo:
375 813 537 864 ipsum
568 827 652 864 per
683 827 732 852 se
763 819 834 852 est
866 826 1046 853 nomen.

196 884 361 922 XXVIII.
388 886 454 925 75.
488 884 726 934 Recipienda
758 889 817 924 est
848 883 988 923 Faerni
1019 884 1263 924 coniectura:
1296 897 1387 924 cum
1419 889 1467 931 te,
1501 885 1544 925 P.
1578 884 1753 931 Lentule,

7 957 11 990 ἶ
37 953 184 1003 νΙΘΒΘΠῙ
212 954 261 993 de
291 966 355 992 me
387 954 532 994 ferente
564 956 735 1006 populus
767 955 971 994 Romanus
1003 954 1088 1006 ipse
1120 968 1171 995 se
1201 955 1293 995 vidit
1327 987 1334 994 .
1360 986 1368 994 .
1394 986 1402 994 .
1437 953 1522 1003 (H.)
1562 954 1755 1006 Deinceps

59 1024 309 1063 scribendum
343 1029 422 1064 est:
456 1025 592 1065 omitto
616 1057 624 1065 .
651 1057 659 1065 .
685 1056 692 1065 .
716 1026 764 1064 de
795 1024 893 1064 meis
925 1025 965 1064 in
996 1026 1158 1065 omnis
1190 1027 1375 1065 mortales
1408 1026 1570 1065 meritis.

197 1102 363 1148 XXVIII.
390 1110 454 1148 76.
490 1111 540 1146 ut
572 1112 686 1147 tua.
713 1139 720 1147 .
745 1107 814 1147 vis
846 1120 942 1147 non
974 1108 1108 1147 modo
1148 1120 1241 1147 non
1274 1108 1632 1158 propulsanda,
1675 1108 1755 1146 sed

58 1176 205 1216 etiam
236 1177 259 1223 †
292 1179 589 1218 emendanda
621 1179 780 1218 fuisse
811 1179 1048 1218 videatur.
1080 1179 1363 1218 Mommsenius
1385 1179 1686 1218 emendanda
1716 1178 1755 1217 in

58 1247 315 1287 invitanda
345 1249 520 1290 mutavit.
570 1237 623 1287 vAt
655 1262 734 1287 non
766 1249 897 1288 minus
929 1249 978 1288 ad
1009 1250 1121 1287 codd.
1156 1249 1390 1299 scripturam
1429 1249 1579 1288 accedit
1610 1249 1756 1288 Halmii

59 1317 303 1358 coniectura:
337 1319 617 1359 excitanda.

199 1389 335 1427 XXIX.
362 1392 427 1429 76.
462 1391 584 1439 quod
615 1403 789 1428 omnes
821 1390 845 1435 †
877 1395 1050 1438 negent
1083 1389 1462 1430 immortalitati.

200 1458 414 1509 Madvigius
447 1473 483 1511 p.
508 1461 589 1501 221
625 1460 784 1511 scripsit
814 1459 936 1499 eiecto
967 1465 1163 1510 negent:
1205 1460 1332 1510 quod
1363 1473 1533 1499 omnes
1565 1459 1755 1499 immor-

61 1529 262 1576 talitati,
298 1530 340 1568 si
372 1531 481 1569 fieri
515 1536 677 1580 potest
709 1562 717 1570 .
743 1560 753 1570 .
777 1561 808 1578 .,
857 1544 947 1570 cum
978 1532 1027 1569 ad
1068 1543 1231 1569 omnes
1272 1532 1432 1570 verbum
1476 1545 1523 1570 ex
1566 1533 1754 1581 putasti

61 1600 344 1641 sumendum
375 1614 462 1642 esse
492 1601 648 1644 diceret.
713 1601 789 1642 Sed
820 1601 922 1643 hanc
960 1604 1197 1642 structuram
1237 1599 1435 1642 difficilem
1466 1600 1505 1642 in
1538 1600 1639 1642 hanc
1671 1614 1755 1642 ora-

60 1670 206 1709 tionem
239 1671 381 1710 inferre
402 1673 580 1722 iniquum
601 1678 672 1711 est.
716 1672 816 1710 Nam
839 1673 931 1722 quid
953 1686 1000 1710 ex
1024 1671 1209 1722 putasti
1232 1673 1467 1710 sumendum
1488 1676 1575 1711 est?
1614 1673 1755 1711 Utrum

61 1746 354 1793 putaverunt
375 1756 425 1782 an
457 1747 627 1794 putant
673 1756 723 1782 an
766 1743 1027 1794 putabunt?
1079 1742 1226 1781 Locum
1267 1741 1363 1781 mihi
1400 1755 1565 1783 sanasse
1602 1743 1751 1782 videtur

62 1811 256 1859 Halmius,
299 1824 390 1850 cum
421 1818 676 1863 proponeret:
722 1814 843 1863 quod
874 1825 1038 1851 omnes
1070 1813 1339 1851 concedent
1370 1813 1752 1851 immortalitati.

201 1894 338 1935 XXIX.
364 1898 429 1936 78.
463 1896 567 1935 Bene
587 1895 803 1944 Madvigius
835 1909 874 1945 p.
894 1897 975 1936 221
1012 1895 1195 1946 scripsit:
1230 1896 1427 1935 referri:
1463 1896 1625 1946 „Neque
1646 1897 1751 1934 enim

63 1964 269 2014 significat,
293 1964 386 2016 quid
407 1965 576 2005 maiores
597 1965 674 2016 ipsi
697 1966 825 2005 facere
846 1965 1050 2017 cupierint,
1076 1966 1143 2005 sed
1165 1965 1258 2017 quid
1280 1965 1362 2005 fieri
1385 1978 1502 2017 posse
1523 1965 1754 2005 voluerint“.

201 2048 320 2087 XXX.
346 2050 413 2088 80.
455 2048 693 2098 Recipienda
738 2053 798 2087 est
837 2048 929 2087 Ant.
962 2048 1171 2098 Augustini
1219 2049 1434 2099 scriptura:
1474 2049 1550 2099 qui
1591 2049 1637 2087 in
1677 2062 1756 2087 aes

61 2118 165 2157 eius
197 2131 369 2158 nomen
399 2118 667 2158 incideris?
689 2119 772 2167 (H.)
794 2119 1132 2158 Reminiscebatur
1152 2120 1272 2159 homo
1293 2120 1444 2167 doctus,
1469 2119 1758 2170 praerogativae

62 2193 262 2229 auctorem
293 2188 332 2228 in
364 2202 431 2228 aes
462 2189 579 2229 incidi
611 2194 701 2229 ante
732 2191 858 2248 legem
890 2191 1027 2229 solere.

202 2271 333 2319 Quod
366 2272 516 2312 facile
538 2272 701 2323 potuit
722 2272 802 2323 qui
835 2276 1035 2323 propter
1063 2272 1274 2323 inopiam
1305 2271 1423 2312 tecti
1454 2271 1501 2310 in
1532 2273 1639 2311 foro
1661 2284 1756 2322 per-

61 2347 324 2382 noctasset.
388 2343 468 2393 qui
499 2344 607 2382 deest
633 2343 673 2381 in
695 2330 830 2390 codd.;
863 2343 908 2382 P1
933 2343 966 2381 G
987 2343 1151 2381 habent:
1185 2347 1542 2393 pernoctasset,
1576 2343 1631 2381 M:
1658 2355 1756 2392 per-

60 2417 298 2452 noctasse.
330 2413 588 2464 Perspicuum
619 2418 690 2461 est,
724 2418 814 2452 ante
846 2417 1044 2464 propter
1075 2412 1308 2463 particulam
1329 2412 1546 2460 excidisse3
1579 2412 1755 2452 Klotzius

14 2494 17 2495 ⁷
61 2482 180 2532 igitur
211 2487 315 2521 recte
346 2495 489 2533 quum
520 2483 729 2534 scripsisse
759 2483 921 2524 videtur.

0 2611 8 2622 .
202 2564 322 2604 XXX.
347 2568 414 2607 80.
448 2565 546 2605 Nec
577 2579 661 2616 res,
685 2565 914 2605 iudicata.
977 2565 1097 2604 Codd.
1131 2565 1296 2604 habent:
1344 2577 1407 2604 res
1449 2570 1533 2604 tum
1573 2564 1755 2605 iudicata.

2 2631 275 2696 3²‹Madvigius
316 2648 354 2686 p.
390 2638 486 2678 221
515 2635 694 2687 scripsit.
747 2649 906 2676 rerum
948 2635 1278 2677 iudicatarum
1319 2635 1609 2676 auctoritas.
1665 2636 1758 2676 Sed

25 2710 188 2772 neque
217 2707 266 2746 de
295 2707 413 2746 rebus
443 2706 624 2747 iudicatis
654 2720 780 2758 neque
810 2708 859 2746 de
880 2708 1111 2747 auctoritate
1131 2708 1271 2757 agitur,
1306 2708 1373 2747 sed
1402 2709 1451 2747 de
1481 2721 1561 2747 una
1590 2721 1632 2747 re
1662 2707 1759 2747 iudi·

0 2795 60 2844 ἓ
54 2783 161 2833 cata.
214 2775 356 2830 Itaque
386 2777 484 2817 mihi
513 2790 604 2818 vera
634 2791 724 2818 esse
758 2777 908 2818 videtur
939 2777 1087 2819 Halmii
1125 2778 1369 2827 coniectura,
1413 2777 1480 2830 qui
1520 2777 1618 2818 illud
1658 2783 1758 2819 tum

0 2848 35 2904 r
42 2845 158 2892 ante
181 2848 398 2890 iudicata
427 2848 592 2909 mutavit
620 2848 662 2888 in
691 2849 796 2892 iam
