1878 3020
63 212 186 283 'verba
216 226 256 267 si
286 239 377 268 non
406 227 619 268 venirent
647 227 836 268 nonnulla
866 227 1059 268 excidisse
1080 240 1313 279 persuasum
1342 227 1493 276 habe03
1523 225 1753 268 verisimilli-

0 304 49 351 ξπ·
67 309 180 350 mum
210 303 341 339 autem
371 303 431 339 est
462 298 689 339 Ciceronem
734 298 796 338 bis
839 298 1047 351 scripsisse
1086 299 1133 339 in
1163 304 1377 339 senatum
1416 304 1454 339 et
1494 298 1698 339 librarium
1728 311 1752 339 a

68 369 198 423 priore
228 370 278 410 ad
307 370 474 409 alterum
505 370 720 410 aberrasse.
784 370 892 418 Quae
921 371 1037 410 verba
1069 370 1147 410 sint
1177 371 1396 421 supplenda
1409 401 1418 418 ,
1456 370 1648 409 incertum
1678 374 1750 411 est.
1785 366 1788 368 ’

2 431 14 495 f
211 440 255 480 In
285 445 460 481 extrema
480 442 502 489 ξ
526 444 549 482 8
583 441 676 492 quid
697 441 833 482 Cicero
855 441 1057 493 scripserit
1076 454 1098 481 e
1116 441 1317 481 codicibus
1337 441 1490 481 restitui
1509 454 1588 481 non
1611 445 1750 491 potest.

2 527 8 539 *
69 511 253 563 langius,
286 511 353 564 qui
382 525 421 564 p.
446 514 499 555 16
531 513 578 552 de
607 512 684 567 hQ:
714 513 801 553 loco
831 512 1026 562 disseruit,
1058 512 1308 552 scribendum
1337 525 1426 552 esse
1456 511 1636 552 coniecit:
1671 523 1752 551 cur

26 600 27 603 ¹
69 596 172 624 cum
202 596 284 634 ego
315 597 385 623 me
417 584 618 636 putarim
647 569 748 624 tuto
780 585 970 625 omnino
1009 585 1055 625 in
1086 585 1279 625 civitate
1323 588 1428 624 'esse
1467 597 1557 623 non
1597 595 1749 634 posse,

67 653 142 694 illi
172 666 266 694 non
285 653 417 701 jdem
447 658 725 695 senserunt?
786 655 1026 695 Sententiam
1056 656 1207 695 nullam
1251 655 1369 695 aliam
1415 653 1537 694 fuisse
1578 658 1751 700 certum3

67 725 195 765 verbis
225 739 321 765 num
350 725 489 765 iisdem
518 739 616 765 usus
648 726 699 765 sit
721 725 868 774 Cicero,
901 726 1114 774 incertum;
1144 726 1220 765 hoc
1251 738 1406 776 quoque
1426 730 1530 765 recte
1560 738 1584 764 a
1604 723 1751 774 Langio

70 794 310 836 intellectum
340 801 399 835 est
416 796 644 836 Ciceronem
665 796 819 835 tertiam
839 796 1180 846 interrogationem
1200 801 1402 847 tamquam
1423 808 1537 834 suam
1559 795 1752 834 secundae

71 867 196 907 Clodii
225 868 516 917 interrogationi
531 868 777 918 opposuisse.
838 867 1019 907 Halmius
1050 881 1204 918 quoque
1223 868 1379 907 tertiam
1409 867 1751 916 interrogationem

68 942 272 989 tamquam
302 937 501 978 Ciceronis
533 937 743 977 Clodianae
784 938 1075 987 interrogationi
1118 938 1343 989 oppositam
1384 937 1517 977 voluit.
1579 936 1681 975 Nam
1712 935 1752 974 in

67 1008 168 1047 libro
199 1008 282 1047 eius
316 1021 413 1058 pro:
447 1009 711 1056 timuerint,
746 1009 850 1059 quod
880 1013 994 1047 antea
1025 1009 1242 1048 coniecerat
1273 1009 1397 1056 (Cur,
1436 1021 1538 1047 cum
1569 1019 1651 1056 ego
1682 1019 1751 1046 me

69 1078 281 1130 putarim
312 1083 412 1118 tuto
444 1079 633 1119 omnino
665 1079 710 1119 in
741 1079 937 1119 civitate
967 1092 1071 1119 esse
1102 1093 1190 1119 non
1214 1093 1371 1131 posse,
1405 1079 1477 1121 illi
1509 1078 1600 1118 sibi
1630 1076 1750 1117 nihil

67 1149 342 1189 timuerint?
403 1149 451 1189 Si
482 1150 595 1189 aliis
626 1149 754 1198 licet)
786 1150 976 1201 scriptum
996 1150 1144 1190 inveni:
1177 1144 1447 1190 timuerunt.
1491 1149 1650 1199 Langio‚
1684 1148 1750 1198 qui

68 1220 301 1271 particulam
332 1234 387 1260 an
420 1220 491 1269 (an
523 1221 589 1260 eis
621 1221 748 1270 licet)
780 1221 887 1261 omni
909 1221 1132 1272 suspicione
1162 1235 1293 1261 carere
1316 1222 1475 1272 putavit,
1507 1233 1587 1260 non
1618 1227 1750 1260 assen‘

8 1314 16 1333 .·
66 1291 158 1339 tior3
189 1305 283 1331 nam
313 1292 439 1342 prima
469 1305 610 1332 manus
641 1293 727 1334 cod.
759 1293 789 1331 P
820 1292 963 1332 omisit.

207 1362 250 1402 V.
287 1364 442 1404 lO.,an
473 1364 568 1403 alio
600 1364 757 1414 potius
789 1363 1150 1413 confugiendum
1183 1363 1303 1402 fuit?
1348 1362 1474 1410 Quae
1504 1375 1647 1402 causa
1669 1392 1677 1401 .
1703 1392 1711 1401 .
1737 1393 1745 1401 .

68 1432 162 1474 Cod.
185 1433 216 1472 P
246 1434 382 1475 habet:
416 1434 506 1473 fuit
536 1434 617 1473 vis.
661 1434 797 1481 Quae.
839 1435 910 1475 M.:
944 1434 1043 1476 fuit.
1106 1434 1184 1473 Vis
1216 1447 1347 1485 quae.
1400 1433 1502 1473 GV:
1536 1432 1635 1472 fuit.
1668 1432 1747 1471 Vis

67 1517 171 1555 qua.
204 1505 246 1543 In
266 1505 541 1544 vetustioribus
564 1505 797 1556 editionibus
819 1505 1008 1559 scriptum
1030 1511 1106 1545 est:
1137 1537 1146 1545 .
1172 1539 1180 1546 .
1207 1539 1215 1546 .
1239 1504 1603 1554 confugiendum
1634 1503 1747 1542 fuit‘?

67 1574 195 1623 Quae
224 1575 314 1624 vis,
347 1588 466 1626 quae
497 1589 650 1616 causa.
694 1576 864 1626 Langius
896 1589 934 1627 p.
959 1578 1011 1618 17
1044 1589 1122 1615 non
1154 1577 1374 1616 addendum
1405 1588 1538 1626 quae,
1572 1575 1640 1613 sed
1662 1574 1749 1613 fuit

65 1645 104 1685 in
136 1646 286 1686 fuisse
316 1648 547 1687 mutandum
579 1648 729 1687 censuit
773 1647 847 1696 (an
878 1647 971 1687 alio
1003 1647 1164 1698 potius
1197 1647 1566 1697 confugiendum
1598 1645 1747 1685 fuisse

65 1716 134 1756 vis
146 1715 181 1764 Ρ)
229 1717 305 1757 Sed
326 1718 405 1757 iam
425 1731 473 1757 ex
494 1719 571 1757 fine
590 1719 757 1757 duorum
777 1718 1086 1757 antecedentium
1107 1719 1373 1758 membrorum
1403 1717 1518 1765 (fuit,
1542 1718 1559 1756 f
1564 1716 1746 1764 uerunt)

64 1788 234 1839 intellegi
265 1794 405 1840 potest,
437 1789 539 1829 hanc
571 1790 835 1830 coniecturam
866 1803 1026 1841 parvam
1058 1790 1340 1847 probabilitatis
1381 1789 1550 1840 speciem
1589 1788 1744 1828 habere.

64 1859 166 1897 Malo
197 1859 266 1898 vis
297 1864 500 1910 tamquam
530 1860 889 1910 interpretationem
919 1860 1096 1900 vocabuli
1128 1872 1275 1899 causa
1306 1861 1444 1900 delere.

205 1929 248 1969 V.
284 1932 350 1972 11.
382 1931 686 1970 Frumentum
730 1930 1007 1981 provinciae
1050 1930 1394 1971 frumentariae
1437 1930 1613 1981 partim
1657 1942 1747 1969 non

62 1999 314 2048 habebant,
347 2001 520 2051 partim
559 2002 608 2040 in
640 2002 762 2041 alias
807 2006 988 2049 terras,
1033 2002 1177 2040 credo
1222 2006 1420 2052 propter
1465 2001 1747 2040 varietatem

62 2071 379 2121 venditorum,
426 2072 672 2121 miserant,
721 2072 913 2123 partim,
959 2085 1048 2124 quo
1092 2072 1276 2122 gratius
1308 2076 1436 2111 esset
1482 2077 1597 2121 tum,
1646 2085 1748 2111 cum

62 2142 109 2181 in
144 2142 251 2193 ipsa
270 2143 390 2183 fame
412 2144 771 2192 subvenissent,
805 2143 1041 2183 custodiis
1065 2144 1166 2183 suis
1188 2145 1401 2183 clausum
1423 2143 1744 2189 continebant,

3 2227 5 2229 ’
61 2218 111 2253 ut
142 2214 299 2254 subito
331 2227 498 2254 novum
529 2215 785 2254 mitterent.
836 2215 1051 2265 Madvigius
1074 2228 1111 2265 p.
1136 2218 1218 2256 215
1242 2214 1463 2265 proposuit:
1497 2213 1669 2263 partim
1700 2213 1743 2251 in

60 2283 181 2324 alias
212 2289 388 2333 terras,
421 2285 559 2324 credo
581 2289 772 2336 propter
803 2285 1056 2324 caritatem
1078 2285 1348 2324 venditores
1369 2285 1612 2330 miserant,
1646 2296 1745 2333 par-

59 2354 145 2395 tim
167 2387 175 2395 .
201 2387 209 2395 .
235 2387 243 2395 .
270 2389 278 2397 .
302 2356 624 2396 continebant.
687 2356 775 2395 Non
805 2356 1019 2407 probabilis
1050 2356 1146 2396 mihi
1182 2356 1331 2396 videtur
1372 2356 1468 2395 haec
1499 2354 1744 2401 coniectura3

59 2438 152 2465 nam
185 2426 218 2465 si
248 2426 496 2477 reciperetur,
537 2427 578 2466 in
610 2426 735 2477 primo
767 2426 965 2466 enuntiato
997 2426 1283 2466 substantivum
1329 2425 1604 2476 provinciae
1640 2430 1745 2464 esset

0 2519 3 2520 ν
59 2496 298 2545 subiectum,
346 2498 386 2536 in
431 2499 553 2537 altero
594 2503 631 2537 et
672 2497 784 2537 tertio
825 2497 1118 2545 venditores3
1162 2497 1279 2536 verba
1310 2502 1442 2536 autem
1473 2495 1745 2546 provinciae

30 2606 34 2616 ἃ
59 2567 399 2607 frumentariae
429 2573 519 2608 ante
550 2568 721 2619 partim
752 2568 941 2608 collocata
966 2568 1137 2607 indicare
1158 2564 1254 2607 mihi
1274 2567 1451 2607 videntur
1471 2566 1596 2606 tribus
1617 2567 1745 2606 verbis

58 2635 312 2685 habebant,
345 2638 593 2687 miserant,
627 2639 933 2678 continebant
978 2638 1331 2679 idemsubiectum
1361 2651 1450 2677 esse
1476 2637 1742 2677 tribuendum.

11 2714 13 2717 ’
58 2705 193 2758 Neque
231 2707 361 2758 inepte
403 2708 586 2748 dicuntur
627 2708 849 2760 provinciae
892 2699 1087 2749 frumenta
1130 2707 1213 2748 suis
1256 2709 1444 2748 custodiis
1482 2708 1744 2756 continuisse;

10 2786 30 2829 f··
53 2777 243 2818 facillime
272 2783 416 2827 orator,
460 2793 560 2831 quae
589 2781 833 2820 venditorum
862 2785 983 2827 erant,
1016 2780 1055 2818 in
1087 2780 1306 2831 provincias
1337 2781 1549 2820 transferre
1580 2785 1743 2831 poterat.

0 2876 4 2893 ;
57 2846 151 2891 Pro:
184 2843 461 2892 varietatem
494 2851 660 2893 coniecit
690 2851 898 2893 Graevius:
944 2850 1220 2900 avaritiam3
1261 2851 1443 2893 Halmius
1475 2851 1533 2901 (in
1563 2853 1744 2905 exemplo
