<?xml version="1.0" encoding="UTF-8"?>
<!DOCTYPE html PUBLIC "-//W3C//DTD XHTML 1.0 Transitional//EN"
    "http://www.w3.org/TR/xhtml1/DTD/xhtml1-transitional.dtd">
<html xmlns="http://www.w3.org/1999/xhtml" xml:lang="en" lang="en">
 <head>
  <title>
</title>
<meta http-equiv="Content-Type" content="text/html;charset=utf-8" />
  <meta name='ocr-system' content='tesseract 3.04.00' />
  <meta name='ocr-capabilities' content='ocr_page ocr_carea ocr_par ocr_line ocrx_word'/>
</head>
<body>
  <div class='ocr_page' id='page_1' title='image "4738053_0023.png"; bbox 0 0 1878 3020; ppageno 0'>
   <div class='ocr_carea' id='block_1_1' title="bbox 1388 0 1878 1000">
    <p class='ocr_par' dir='ltr' id='par_1_1' title="bbox 1388 0 1878 1000">
     <span class='ocr_line' id='line_1_1' title="bbox 1388 0 1878 263; baseline 0 0"><span class='ocrx_word' id='word_1_1' title='bbox 1388 0 1878 263; x_wconf 95' lang='lat' dir='ltr'>  </span> 
     </span>
     <span class='ocr_line' id='line_1_2' title="bbox 1697 308 1878 1000; baseline 0 0"><span class='ocrx_word' id='word_1_2' title='bbox 1697 308 1878 1000; x_wconf 95' lang='lat' dir='ltr'>  </span> 
     </span>
    </p>
   </div>
   <div class='ocr_carea' id='block_1_2' title="bbox 71 179 1651 301">
    <p class='ocr_par' dir='ltr' id='par_1_2' title="bbox 71 179 1651 301">
     <span class='ocr_line' id='line_1_3' title="bbox 71 179 1651 235; baseline 0.003 -14"><span class='ocrx_word' id='word_1_3' title='bbox 71 187 109 221; x_wconf 91' lang='lat' dir='ltr'>et</span> <span class='ocrx_word' id='word_1_4' title='bbox 139 195 187 221; x_wconf 86' lang='lat' dir='ltr'>ex</span> <span class='ocrx_word' id='word_1_5' title='bbox 219 183 241 229; x_wconf 69' lang='grc' dir='ltr'>ἓ</span> <span class='ocrx_word' id='word_1_6' title='bbox 274 185 297 223; x_wconf 99' lang='grc'>2</span> <span class='ocrx_word' id='word_1_7' title='bbox 330 181 428 220; x_wconf 89' lang='lat' dir='ltr'>haec</span> <span class='ocrx_word' id='word_1_8' title='bbox 459 181 497 228; x_wconf 71' lang='grc' dir='ltr'>(ἓ</span> <span class='ocrx_word' id='word_1_9' title='bbox 519 183 587 229; x_wconf 89' lang='grc'>21,</span> <span class='ocrx_word' id='word_1_10' title='bbox 619 181 661 220; x_wconf 94' lang='lat' dir='ltr'>in</span> <span class='ocrx_word' id='word_1_11' title='bbox 690 181 779 221; x_wconf 87' lang='lat' dir='ltr'>edit.</span> <span class='ocrx_word' id='word_1_12' title='bbox 802 180 933 222; x_wconf 88' lang='lat' dir='ltr'>Halm.</span> <span class='ocrx_word' id='word_1_13' title='bbox 967 193 1005 230; x_wconf 91' lang='lat' dir='ltr'>p.</span> <span class='ocrx_word' id='word_1_14' title='bbox 1030 180 1152 228; x_wconf 84' lang='lat'>605):</span> <span class='ocrx_word' id='word_1_15' title='bbox 1186 179 1299 219; x_wconf 87' lang='lat' dir='ltr'>Tune</span> <span class='ocrx_word' id='word_1_16' title='bbox 1329 192 1371 219; x_wconf 88' lang='lat' dir='ltr'>es</span> <span class='ocrx_word' id='word_1_17' title='bbox 1403 181 1480 231; x_wconf 88' lang='lat' dir='ltr'>ille,</span> <span class='ocrx_word' id='word_1_18' title='bbox 1512 181 1651 235; x_wconf 86' lang='lat' dir='ltr'>inquit,</span> 
     </span>
     <span class='ocr_line' id='line_1_4' title="bbox 73 250 691 301; baseline -0.002 -10"><span class='ocrx_word' id='word_1_19' title='bbox 73 257 233 291; x_wconf 89' lang='lat' dir='ltr'>senatus</span> <span class='ocrx_word' id='word_1_20' title='bbox 266 264 398 290; x_wconf 89' lang='lat' dir='ltr'>carere</span> <span class='ocrx_word' id='word_1_21' title='bbox 427 263 507 289; x_wconf 91' lang='lat' dir='ltr'>non</span> <span class='ocrx_word' id='word_1_22' title='bbox 538 250 691 301; x_wconf 76' lang='lat' dir='ltr'>potuit?</span> 
     </span>
    </p>
   </div>
   <div class='ocr_carea' id='block_1_3' title="bbox 213 332 1697 413">
    <p class='ocr_par' dir='ltr' id='par_1_3' title="bbox 213 332 1697 413">
     <span class='ocr_line' id='line_1_5' title="bbox 213 332 1697 413; baseline 0.005 -42"><span class='ocrx_word' id='word_1_23' title='bbox 213 332 423 412; x_wconf 80' lang='lat' dir='ltr'>Pompeius</span> <span class='ocrx_word' id='word_1_24' title='bbox 454 336 587 372; x_wconf 90' lang='lat' dir='ltr'>autem</span> <span class='ocrx_word' id='word_1_25' title='bbox 618 333 898 412; x_wconf 78' lang='lat' dir='ltr'>grammaticus</span> <span class='ocrx_word' id='word_1_26' title='bbox 919 333 959 373; x_wconf 94' lang='lat' dir='ltr'>in</span> <span class='ocrx_word' id='word_1_27' title='bbox 986 334 1340 413; x_wconf 80' lang='lat' dir='ltr'>commentariolo</span> <span class='ocrx_word' id='word_1_28' title='bbox 1330 348 1368 374; x_wconf 89' lang='lat' dir='ltr'>m</span> <span class='ocrx_word' id='word_1_29' title='bbox 1390 335 1535 376; x_wconf 91' lang='lat' dir='ltr'>librum</span> <span class='ocrx_word' id='word_1_30' title='bbox 1555 337 1697 378; x_wconf 87' lang='lat' dir='ltr'>Donati</span> 
     </span>
    </p>
   </div>
   <div class='ocr_carea' id='block_1_4' title="bbox 73 436 977 524">
    <p class='ocr_par' dir='ltr' id='par_1_4' title="bbox 73 436 977 524">
     <span class='ocr_line' id='line_1_6' title="bbox 73 436 977 524; baseline 0 -8"><span class='ocrx_word' id='word_1_31' title='bbox 73 475 221 516; x_wconf 89' lang='lat' dir='ltr'>attulit:</span> <span class='ocrx_word' id='word_1_32' title='bbox 255 474 472 523; x_wconf 80' lang='lat' dir='ltr'>matricida,</span> <span class='ocrx_word' id='word_1_33' title='bbox 505 475 715 524; x_wconf 85' lang='lat' dir='ltr'>fratricida,</span> <span class='ocrx_word' id='word_1_34' title='bbox 750 436 977 518; x_wconf 84' lang='lat' dir='ltr'>sororicida.</span> 
     </span>
    </p>
   </div>
   <div class='ocr_carea' id='block_1_5' title="bbox 71 438 1855 680">
    <p class='ocr_par' dir='ltr' id='par_1_5' title="bbox 71 438 1855 680">
     <span class='ocr_line' id='line_1_7' title="bbox 213 438 1855 617; baseline 0 -22"><span class='ocrx_word' id='word_1_35' title='bbox 213 556 335 595; x_wconf 88' lang='lat' dir='ltr'>Porro</span> <span class='ocrx_word' id='word_1_36' title='bbox 368 556 526 596; x_wconf 86' lang='lat' dir='ltr'>Servius</span> <span class='ocrx_word' id='word_1_37' title='bbox 558 558 606 597; x_wconf 91' lang='lat' dir='ltr'>ad</span> <span class='ocrx_word' id='word_1_38' title='bbox 637 557 749 608; x_wconf 85' lang='lat' dir='ltr'>Verg.</span> <span class='ocrx_word' id='word_1_39' title='bbox 782 558 881 600; x_wconf 88' lang='lat' dir='ltr'>Aen.</span> <span class='ocrx_word' id='word_1_40' title='bbox 912 558 1006 607; x_wconf 90' lang='lat' dir='ltr'>VIII,</span> <span class='ocrx_word' id='word_1_41' title='bbox 1037 562 1119 600; x_wconf 86' lang='lat'>269</span> <span class='ocrx_word' id='word_1_42' title='bbox 1153 559 1286 599; x_wconf 88' lang='lat' dir='ltr'>laudat</span> <span class='ocrx_word' id='word_1_43' title='bbox 1317 559 1518 600; x_wconf 86' lang='lat' dir='ltr'>Ciceronis</span> <span class='ocrx_word' id='word_1_44' title='bbox 1549 438 1855 617; x_wconf 46' lang='grc' dir='ltr'>01311011εῷῐρὶρ</span> 
     </span>
     <span class='ocr_line' id='line_1_8' title="bbox 71 626 1769 680; baseline 0.003 -15"><span class='ocrx_word' id='word_1_45' title='bbox 71 628 119 666; x_wconf 91' lang='lat' dir='ltr'>de</span> <span class='ocrx_word' id='word_1_46' title='bbox 149 627 266 665; x_wconf 90' lang='lat' dir='ltr'>domo</span> <span class='ocrx_word' id='word_1_47' title='bbox 299 631 336 665; x_wconf 90' lang='lat' dir='ltr'>et</span> <span class='ocrx_word' id='word_1_48' title='bbox 366 639 414 665; x_wconf 82' lang='lat' dir='ltr'>ex</span> <span class='ocrx_word' id='word_1_49' title='bbox 445 627 529 666; x_wconf 91' lang='lat' dir='ltr'>eius</span> <span class='ocrx_word' id='word_1_50' title='bbox 561 641 593 667; x_wconf 93' lang='lat' dir='ltr'>c.</span> <span class='ocrx_word' id='word_1_51' title='bbox 627 628 691 667; x_wconf 90' lang='lat' dir='ltr'>LII</span> <span class='ocrx_word' id='word_1_52' title='bbox 733 628 830 667; x_wconf 88' lang='lat' dir='ltr'>haec</span> <span class='ocrx_word' id='word_1_53' title='bbox 863 629 1026 678; x_wconf 87' lang='lat' dir='ltr'><strong>profert:</strong></span> <span class='ocrx_word' id='word_1_54' title='bbox 1060 628 1185 676; x_wconf 86' lang='lat' dir='ltr'>Quem</span> <span class='ocrx_word' id='word_1_55' title='bbox 1216 641 1287 678; x_wconf 85' lang='lat' dir='ltr'>ego</span> <span class='ocrx_word' id='word_1_56' title='bbox 1318 634 1450 669; x_wconf 87' lang='lat' dir='ltr'>tamen</span> <span class='ocrx_word' id='word_1_57' title='bbox 1481 632 1610 680; x_wconf 85' lang='lat' dir='ltr'>oredo,</span> <span class='ocrx_word' id='word_1_58' title='bbox 1643 633 1677 672; x_wconf 91' lang='lat' dir='ltr'>si</span> <span class='ocrx_word' id='word_1_59' title='bbox 1707 626 1769 674; x_wconf 74' lang='lat' dir='ltr'>es&#39;tv</span> 
     </span>
    </p>
   </div>
   <div class='ocr_carea' id='block_1_6' title="bbox 72 696 1851 815">
    <p class='ocr_par' dir='ltr' id='par_1_6' title="bbox 72 696 1851 815">
     <span class='ocr_line' id='line_1_9' title="bbox 72 696 1768 753; baseline 0.003 -17"><span class='ocrx_word' id='word_1_60' title='bbox 72 703 181 737; x_wconf 89' lang='lat' dir='ltr'>ortus</span> <span class='ocrx_word' id='word_1_61' title='bbox 212 698 261 736; x_wconf 90' lang='lat' dir='ltr'>ab</span> <span class='ocrx_word' id='word_1_62' title='bbox 292 696 383 745; x_wconf 88' lang='lat' dir='ltr'>illis,</span> <span class='ocrx_word' id='word_1_63' title='bbox 418 710 517 748; x_wconf 91' lang='lat' dir='ltr'>quos</span> <span class='ocrx_word' id='word_1_64' title='bbox 549 699 762 738; x_wconf 85' lang='lat' dir='ltr'>memoriae</span> <span class='ocrx_word' id='word_1_65' title='bbox 794 698 991 750; x_wconf 86' lang='lat' dir='ltr'>proditum</span> <span class='ocrx_word' id='word_1_66' title='bbox 1023 704 1094 747; x_wconf 92' lang='lat' dir='ltr'>est,</span> <span class='ocrx_word' id='word_1_67' title='bbox 1141 700 1190 739; x_wconf 91' lang='lat' dir='ltr'>ab</span> <span class='ocrx_word' id='word_1_68' title='bbox 1220 699 1307 751; x_wconf 92' lang='lat' dir='ltr'>ipso</span> <span class='ocrx_word' id='word_1_69' title='bbox 1338 700 1520 749; x_wconf 86' lang='lat' dir='ltr'>Hercule,</span> <span class='ocrx_word' id='word_1_70' title='bbox 1564 703 1845 753; x_wconf 51' lang='lat' dir='ltr'>perfunetw</span> 
     </span>
     <span class='ocr_line' id='line_1_10' title="bbox 73 754 1851 815; baseline 0.007 -9"><span class='ocrx_word' id='word_1_71' title='bbox 73 768 286 815; x_wconf 84' lang='lat' dir='ltr'>laboribus,</span> <span class='ocrx_word' id='word_1_72' title='bbox 321 781 435 807; x_wconf 90' lang='lat' dir='ltr'>sacra</span> <span class='ocrx_word' id='word_1_73' title='bbox 465 768 660 810; x_wconf 87' lang='lat' dir='ltr'>didicisse.</span> <span class='ocrx_word' id='word_1_74' title='bbox 1834 754 1851 766; x_wconf 77' lang='lat'>·.</span> 
     </span>
    </p>
   </div>
   <div class='ocr_carea' id='block_1_7' title="bbox 73 849 1878 1320">
    <p class='ocr_par' dir='ltr' id='par_1_7' title="bbox 73 835 1878 1320">
     <span class='ocr_line' id='line_1_11' title="bbox 215 849 1766 904; baseline 0.004 -16"><span class='ocrx_word' id='word_1_75' title='bbox 215 851 262 888; x_wconf 87' lang='lat' dir='ltr'>Et</span> <span class='ocrx_word' id='word_1_76' title='bbox 293 849 508 891; x_wconf 86' lang='lat' dir='ltr'>Martianus</span> <span class='ocrx_word' id='word_1_77' title='bbox 541 851 702 903; x_wconf 89' lang='lat' dir='ltr'>Capella</span> <span class='ocrx_word' id='word_1_78' title='bbox 733 853 819 892; x_wconf 91' lang='lat' dir='ltr'>inl.</span> <span class='ocrx_word' id='word_1_79' title='bbox 844 852 888 892; x_wconf 88' lang='lat' dir='ltr'>V.</span> <span class='ocrx_word' id='word_1_80' title='bbox 920 854 941 899; x_wconf 69' lang='grc' dir='ltr'>ἓ</span> <span class='ocrx_word' id='word_1_81' title='bbox 966 854 1046 893; x_wconf 88' lang='grc'>528</span> <span class='ocrx_word' id='word_1_82' title='bbox 1081 852 1256 903; x_wconf 86' lang='lat' dir='ltr'>scripsit:</span> <span class='ocrx_word' id='word_1_83' title='bbox 1290 852 1386 900; x_wconf 87' lang='lat' dir='ltr'>Quis</span> <span class='ocrx_word' id='word_1_84' title='bbox 1417 857 1477 892; x_wconf 87' lang='lat' dir='ltr'>est</span> <span class='ocrx_word' id='word_1_85' title='bbox 1507 853 1582 893; x_wconf 92' lang='lat' dir='ltr'>iste</span> <span class='ocrx_word' id='word_1_86' title='bbox 1603 854 1849 907; x_wconf 91' lang='lat' dir='ltr'>Lollius,</span> 
     </span>
     <span class='ocr_line' id='line_1_12' title="bbox 74 907 1878 978; baseline 0.002 -17"><span class='ocrx_word' id='word_1_87' title='bbox 74 922 140 974; x_wconf 91' lang='lat' dir='ltr'>qui</span> <span class='ocrx_word' id='word_1_88' title='bbox 172 923 256 961; x_wconf 92' lang='lat' dir='ltr'>sine</span> <span class='ocrx_word' id='word_1_89' title='bbox 287 921 388 961; x_wconf 88' lang='lat' dir='ltr'>ferro</span> <span class='ocrx_word' id='word_1_90' title='bbox 420 937 470 962; x_wconf 93' lang='lat' dir='ltr'>ne</span> <span class='ocrx_word' id='word_1_91' title='bbox 499 936 604 962; x_wconf 90' lang='lat' dir='ltr'>nunc</span> <span class='ocrx_word' id='word_1_92' title='bbox 635 924 792 974; x_wconf 92' lang='lat' dir='ltr'>quidem</span> <span class='ocrx_word' id='word_1_93' title='bbox 823 929 952 963; x_wconf 84' lang='lat' dir='ltr'>tecum</span> <span class='ocrx_word' id='word_1_94' title='bbox 983 927 1070 963; x_wconf 83' lang='lat' dir='ltr'>est?</span> <span class='ocrx_word' id='word_1_95' title='bbox 1102 924 1190 974; x_wconf 88' lang='lat' dir='ltr'>quis</span> <span class='ocrx_word' id='word_1_96' title='bbox 1222 929 1281 963; x_wconf 89' lang='lat' dir='ltr'>est</span> <span class='ocrx_word' id='word_1_97' title='bbox 1312 923 1377 962; x_wconf 90' lang='lat' dir='ltr'>ille</span> <span class='ocrx_word' id='word_1_98' title='bbox 1404 923 1565 972; x_wconf 89' lang='lat' dir='ltr'>Lollius,</span> <span class='ocrx_word' id='word_1_99' title='bbox 1599 925 1768 976; x_wconf 85' lang='lat' dir='ltr'>armiger</span> <span class='ocrx_word' id='word_1_100' title='bbox 1816 907 1878 978; x_wconf 28' lang='lat'>³125!</span> 
     </span>
     <span class='ocr_line' id='line_1_13' title="bbox 74 983 1878 1048; baseline 0.001 -14"><span class='ocrx_word' id='word_1_101' title='bbox 74 994 276 1043; x_wconf 85' lang='lat' dir='ltr'>Catilinae,</span> <span class='ocrx_word' id='word_1_102' title='bbox 294 995 459 1046; x_wconf 85' lang='lat' dir='ltr'>stipator</span> <span class='ocrx_word' id='word_1_103' title='bbox 475 994 530 1033; x_wconf 89' lang='lat' dir='ltr'>tui</span> <span class='ocrx_word' id='word_1_104' title='bbox 547 995 738 1045; x_wconf 90' lang='lat' dir='ltr'>corporis,</span> <span class='ocrx_word' id='word_1_105' title='bbox 757 994 970 1034; x_wconf 87' lang='lat' dir='ltr'>concitator</span> <span class='ocrx_word' id='word_1_106' title='bbox 986 995 1308 1043; x_wconf 87' lang='lat' dir='ltr'>tabernariorum,</span> <span class='ocrx_word' id='word_1_107' title='bbox 1329 1007 1549 1046; x_wconf 86' lang='lat' dir='ltr'>percussor,</span> <span class='ocrx_word' id='word_1_108' title='bbox 1573 995 1767 1047; x_wconf 83' lang='lat' dir='ltr'>lapidator</span> <span class='ocrx_word' id='word_1_109' title='bbox 1832 993 1836 1022; x_wconf 76' lang='grc' dir='ltr'><em>ἶ</em></span> <span class='ocrx_word' id='word_1_110' title='bbox 1853 983 1878 1048; x_wconf 64' lang='grc' dir='ltr'><strong>ζ</strong></span> 
     </span>
     <span class='ocr_line' id='line_1_14' title="bbox 73 1049 1878 1114; baseline -0.001 -9"><span class='ocrx_word' id='word_1_111' title='bbox 73 1066 225 1113; x_wconf 89' lang='lat' dir='ltr'>curiae;</span> <span class='ocrx_word' id='word_1_112' title='bbox 258 1071 296 1105; x_wconf 89' lang='lat' dir='ltr'>et</span> <span class='ocrx_word' id='word_1_113' title='bbox 326 1066 366 1106; x_wconf 90' lang='lat' dir='ltr'>in</span> <span class='ocrx_word' id='word_1_114' title='bbox 397 1067 418 1112; x_wconf 75' lang='grc' dir='ltr'>ἓ</span> <span class='ocrx_word' id='word_1_115' title='bbox 443 1068 546 1106; x_wconf 88' lang='lat'>512:</span> <span class='ocrx_word' id='word_1_116' title='bbox 581 1066 628 1105; x_wconf 88' lang='lat' dir='ltr'>Et</span> <span class='ocrx_word' id='word_1_117' title='bbox 649 1065 785 1105; x_wconf 90' lang='lat' dir='ltr'>Cicero</span> <span class='ocrx_word' id='word_1_118' title='bbox 818 1078 937 1113; x_wconf 90' lang='lat' dir='ltr'>„cum</span> <span class='ocrx_word' id='word_1_119' title='bbox 968 1070 1149 1104; x_wconf 90' lang='lat' dir='ltr'>senatum</span> <span class='ocrx_word' id='word_1_120' title='bbox 1179 1079 1203 1104; x_wconf 89' lang='lat' dir='ltr'>a</span> <span class='ocrx_word' id='word_1_121' title='bbox 1234 1065 1508 1114; x_wconf 85' lang='lat' dir='ltr'>gubernaculis</span> <span class='ocrx_word' id='word_1_122' title='bbox 1540 1066 1763 1114; x_wconf 89' lang='lat' dir='ltr'>deiecisses,</span> <span class='ocrx_word' id='word_1_123' title='bbox 1863 1049 1878 1066; x_wconf 55' lang='lat'>³</span> 
     </span>
     <span class='ocr_line' id='line_1_15' title="bbox 75 1127 1876 1188; baseline 0 -13"><span class='ocrx_word' id='word_1_124' title='bbox 75 1137 265 1188; x_wconf 89' lang='lat' dir='ltr'>populum</span> <span class='ocrx_word' id='word_1_125' title='bbox 294 1136 518 1175; x_wconf 90' lang='lat' dir='ltr'>Romanum</span> <span class='ocrx_word' id='word_1_126' title='bbox 550 1149 570 1175; x_wconf 93' lang='lat' dir='ltr'>e</span> <span class='ocrx_word' id='word_1_127' title='bbox 602 1136 690 1175; x_wconf 90' lang='lat' dir='ltr'>navi</span> <span class='ocrx_word' id='word_1_128' title='bbox 721 1137 986 1184; x_wconf 85' lang='lat' dir='ltr'>exturbasses,</span> <span class='ocrx_word' id='word_1_129' title='bbox 1019 1135 1105 1187; x_wconf 88' lang='lat' dir='ltr'>ipse</span> <span class='ocrx_word' id='word_1_130' title='bbox 1135 1135 1372 1187; x_wconf 84' lang='lat' dir='ltr'>archipirata</span> <span class='ocrx_word' id='word_1_131' title='bbox 1403 1149 1494 1175; x_wconf 90' lang='lat' dir='ltr'>cum</span> <span class='ocrx_word' id='word_1_132' title='bbox 1525 1148 1640 1187; x_wconf 83' lang='lat' dir='ltr'>grege</span> <span class='ocrx_word' id='word_1_133' title='bbox 1661 1149 1769 1188; x_wconf 90' lang='lat' dir='ltr'>prae-</span> <span class='ocrx_word' id='word_1_134' title='bbox 1820 1127 1876 1177; x_wconf 62' lang='lat'>²?-</span> 
     </span>
     <span class='ocr_line' id='line_1_16' title="bbox 74 1206 1878 1258; baseline 0.002 -11"><span class='ocrx_word' id='word_1_135' title='bbox 74 1209 222 1247; x_wconf 89' lang='lat' dir='ltr'>donum</span> <span class='ocrx_word' id='word_1_136' title='bbox 252 1206 522 1258; x_wconf 90' lang='lat' dir='ltr'>impurissimo</span> <span class='ocrx_word' id='word_1_137' title='bbox 547 1207 786 1258; x_wconf 89' lang='lat' dir='ltr'>plenissimis</span> <span class='ocrx_word' id='word_1_138' title='bbox 817 1207 912 1246; x_wconf 89' lang='lat' dir='ltr'>velis</span> <span class='ocrx_word' id='word_1_139' title='bbox 943 1206 1188 1257; x_wconf 86' lang='lat' dir='ltr'>navigares“.</span> <span class='ocrx_word' id='word_1_140' title='bbox 1222 1207 1329 1247; x_wconf 91' lang='lat' dir='ltr'>Haec</span> <span class='ocrx_word' id='word_1_141' title='bbox 1351 1208 1532 1257; x_wconf 84' lang='lat' dir='ltr'>leguntur</span> <span class='ocrx_word' id='word_1_142' title='bbox 1552 1207 1592 1246; x_wconf 91' lang='lat' dir='ltr'>in</span> <span class='ocrx_word' id='word_1_143' title='bbox 1624 1221 1657 1248; x_wconf 91' lang='lat' dir='ltr'>c.</span> <span class='ocrx_word' id='word_1_144' title='bbox 1679 1207 1711 1246; x_wconf 91' lang='lat' dir='ltr'><strong>V</strong></span> <span class='ocrx_word' id='word_1_145' title='bbox 1732 1212 1771 1250; x_wconf 80' lang='lat' dir='ltr'>et</span> <span class='ocrx_word' id='word_1_146' title='bbox 1830 1206 1878 1258; x_wconf 62' lang='grc' dir='ltr'>’ἐ</span> 
     </span>
     <span class='ocr_line' id='line_1_17' title="bbox 74 1279 440 1320; baseline 0.003 -2"><span class='ocrx_word' id='word_1_147' title='bbox 74 1279 110 1318; x_wconf 87' lang='grc' dir='ltr'>Χ</span> <span class='ocrx_word' id='word_1_148' title='bbox 142 1292 199 1320; x_wconf 85' lang='lat' dir='ltr'>or.</span> <span class='ocrx_word' id='word_1_149' title='bbox 231 1279 279 1317; x_wconf 89' lang='lat' dir='ltr'>de</span> <span class='ocrx_word' id='word_1_150' title='bbox 309 1279 440 1320; x_wconf 78' lang='lat' dir='ltr'>domo,</span> 
     </span>
    </p>
   </div>
   <div class='ocr_carea' id='block_1_8' title="bbox 76 1359 1878 1542">
    <p class='ocr_par' dir='ltr' id='par_1_8' title="bbox 76 1341 1878 1542">
     <span class='ocr_line' id='line_1_18' title="bbox 217 1359 1831 1411; baseline -0.001 -12"><span class='ocrx_word' id='word_1_151' title='bbox 217 1361 333 1411; x_wconf 89' lang='lat' dir='ltr'>Apud</span> <span class='ocrx_word' id='word_1_152' title='bbox 354 1360 600 1399; x_wconf 89' lang='lat' dir='ltr'>Priscianum</span> <span class='ocrx_word' id='word_1_153' title='bbox 632 1364 764 1399; x_wconf 90' lang='lat' dir='ltr'>autem</span> <span class='ocrx_word' id='word_1_154' title='bbox 786 1360 825 1398; x_wconf 89' lang='lat' dir='ltr'>in</span> <span class='ocrx_word' id='word_1_155' title='bbox 846 1361 871 1399; x_wconf 91' lang='lat' dir='ltr'>l.</span> <span class='ocrx_word' id='word_1_156' title='bbox 894 1360 974 1407; x_wconf 92' lang='lat' dir='ltr'>XII,</span> <span class='ocrx_word' id='word_1_157' title='bbox 999 1362 1052 1400; x_wconf 88' lang='grc'>23</span> <span class='ocrx_word' id='word_1_158' title='bbox 1087 1360 1309 1409; x_wconf 85' lang='lat' dir='ltr'>(grammat.</span> <span class='ocrx_word' id='word_1_159' title='bbox 1333 1360 1399 1398; x_wconf 88' lang='lat' dir='ltr'>lat.</span> <span class='ocrx_word' id='word_1_160' title='bbox 1423 1372 1470 1398; x_wconf 86' lang='lat' dir='ltr'>ex</span> <span class='ocrx_word' id='word_1_161' title='bbox 1492 1371 1568 1398; x_wconf 90' lang='lat' dir='ltr'>rec.</span> <span class='ocrx_word' id='word_1_162' title='bbox 1592 1359 1704 1398; x_wconf 90' lang='lat' dir='ltr'>Keilii</span> <span class='ocrx_word' id='word_1_163' title='bbox 1724 1360 1768 1407; x_wconf 84' lang='grc' dir='ltr'>ΙΙ,</span> <span class='ocrx_word' id='word_1_164' title='bbox 1826 1366 1831 1368; x_wconf 82' lang='grc'><strong>’</strong></span> 
     </span>
     <span class='ocr_line' id='line_1_19' title="bbox 76 1417 1878 1483; baseline -0.002 -10"><span class='ocrx_word' id='word_1_165' title='bbox 76 1444 114 1483; x_wconf 89' lang='lat' dir='ltr'>p.</span> <span class='ocrx_word' id='word_1_166' title='bbox 141 1430 241 1478; x_wconf 89' lang='lat'>591)</span> <span class='ocrx_word' id='word_1_167' title='bbox 264 1430 455 1481; x_wconf 89' lang='lat' dir='ltr'>scriptum</span> <span class='ocrx_word' id='word_1_168' title='bbox 476 1435 552 1470; x_wconf 90' lang='lat' dir='ltr'>est:</span> <span class='ocrx_word' id='word_1_169' title='bbox 587 1428 722 1470; x_wconf 89' lang='lat' dir='ltr'>Cicero</span> <span class='ocrx_word' id='word_1_170' title='bbox 744 1431 791 1470; x_wconf 93' lang='lat' dir='ltr'>de</span> <span class='ocrx_word' id='word_1_171' title='bbox 812 1431 927 1470; x_wconf 92' lang='lat' dir='ltr'>domo</span> <span class='ocrx_word' id='word_1_172' title='bbox 950 1443 1042 1472; x_wconf 89' lang='lat' dir='ltr'>sua:</span> <span class='ocrx_word' id='word_1_173' title='bbox 1065 1430 1256 1470; x_wconf 87' lang='lat' dir='ltr'>vobismet</span> <span class='ocrx_word' id='word_1_174' title='bbox 1277 1429 1376 1481; x_wconf 89' lang='lat' dir='ltr'>ipsis</span> <span class='ocrx_word' id='word_1_175' title='bbox 1398 1429 1615 1481; x_wconf 90' lang='lat' dir='ltr'>pontifices.</span> <span class='ocrx_word' id='word_1_176' title='bbox 1662 1429 1769 1470; x_wconf 87' lang='lat' dir='ltr'>Haec</span> <span class='ocrx_word' id='word_1_177' title='bbox 1824 1474 1827 1477; x_wconf 63' lang='grc'>,</span> <span class='ocrx_word' id='word_1_178' title='bbox 1849 1417 1878 1479; x_wconf 62' lang='grc' dir='ltr'>Ϊῖἷῖξ</span> 
     </span>
     <span class='ocr_line' id='line_1_20' title="bbox 77 1501 756 1542; baseline 0.001 -1"><span class='ocrx_word' id='word_1_179' title='bbox 77 1503 195 1541; x_wconf 89' lang='lat' dir='ltr'>verba</span> <span class='ocrx_word' id='word_1_180' title='bbox 226 1502 475 1540; x_wconf 87' lang='lat' dir='ltr'>inveniuntur</span> <span class='ocrx_word' id='word_1_181' title='bbox 506 1501 546 1540; x_wconf 90' lang='lat' dir='ltr'>in</span> <span class='ocrx_word' id='word_1_182' title='bbox 578 1514 610 1540; x_wconf 89' lang='lat' dir='ltr'>c.</span> <span class='ocrx_word' id='word_1_183' title='bbox 642 1501 756 1542; x_wconf 93' lang='lat' dir='ltr'><strong>XVII.</strong></span> 
     </span>
    </p>
   </div>
   <div class='ocr_carea' id='block_1_9' title="bbox 76 1582 1775 1706">
    <p class='ocr_par' dir='ltr' id='par_1_9' title="bbox 76 1582 1775 1706">
     <span class='ocr_line' id='line_1_21' title="bbox 218 1582 1771 1635; baseline -0.001 -12"><span class='ocrx_word' id='word_1_184' title='bbox 218 1585 394 1635; x_wconf 91' lang='lat' dir='ltr'>Denique</span> <span class='ocrx_word' id='word_1_185' title='bbox 411 1584 581 1635; x_wconf 89' lang='lat' dir='ltr'>plurima</span> <span class='ocrx_word' id='word_1_186' title='bbox 596 1584 822 1624; x_wconf 88' lang='lat' dir='ltr'>testimonia</span> <span class='ocrx_word' id='word_1_187' title='bbox 839 1590 930 1624; x_wconf 89' lang='lat' dir='ltr'>sunt</span> <span class='ocrx_word' id='word_1_188' title='bbox 946 1586 1051 1635; x_wconf 89' lang='lat' dir='ltr'>apud</span> <span class='ocrx_word' id='word_1_189' title='bbox 1064 1585 1305 1624; x_wconf 85' lang='lat' dir='ltr'>Arusianum</span> <span class='ocrx_word' id='word_1_190' title='bbox 1321 1583 1509 1623; x_wconf 89' lang='lat' dir='ltr'>Messium</span> <span class='ocrx_word' id='word_1_191' title='bbox 1525 1583 1565 1622; x_wconf 89' lang='lat' dir='ltr'>in</span> <span class='ocrx_word' id='word_1_192' title='bbox 1581 1582 1771 1634; x_wconf 87' lang='lat' dir='ltr'>exemplis</span> 
     </span>
     <span class='ocr_line' id='line_1_22' title="bbox 76 1653 1775 1706; baseline -0.002 -11"><span class='ocrx_word' id='word_1_193' title='bbox 76 1655 358 1695; x_wconf 87' lang='lat' dir='ltr'>elocutionum:</span> <span class='ocrx_word' id='word_1_194' title='bbox 394 1668 431 1706; x_wconf 92' lang='lat' dir='ltr'>p.</span> <span class='ocrx_word' id='word_1_195' title='bbox 457 1656 538 1695; x_wconf 88' lang='grc'>261</span> <span class='ocrx_word' id='word_1_196' title='bbox 573 1655 632 1694; x_wconf 91' lang='lat' dir='ltr'>ed.</span> <span class='ocrx_word' id='word_1_197' title='bbox 656 1655 931 1695; x_wconf 65' lang='lat' dir='ltr'>Lindemann:</span> <span class='ocrx_word' id='word_1_198' title='bbox 966 1655 1073 1704; x_wconf 92' lang='lat' dir='ltr'>(sub:</span> <span class='ocrx_word' id='word_1_199' title='bbox 1107 1656 1180 1695; x_wconf 90' lang='lat' dir='ltr'>hac</span> <span class='ocrx_word' id='word_1_200' title='bbox 1202 1668 1244 1694; x_wconf 93' lang='lat' dir='ltr'>re</span> <span class='ocrx_word' id='word_1_201' title='bbox 1277 1667 1346 1705; x_wconf 93' lang='lat' dir='ltr'>pro</span> <span class='ocrx_word' id='word_1_202' title='bbox 1377 1654 1417 1693; x_wconf 93' lang='lat' dir='ltr'>in</span> <span class='ocrx_word' id='word_1_203' title='bbox 1448 1654 1521 1693; x_wconf 89' lang='lat' dir='ltr'>hac</span> <span class='ocrx_word' id='word_1_204' title='bbox 1543 1654 1600 1702; x_wconf 89' lang='lat' dir='ltr'>re)</span> <span class='ocrx_word' id='word_1_205' title='bbox 1633 1653 1775 1693; x_wconf 87' lang='lat' dir='ltr'>Cicero</span> 
     </span>
    </p>
   </div>
   <div class='ocr_carea' id='block_1_10' title="bbox 76 1710 1853 1846">
    <p class='ocr_par' dir='ltr' id='par_1_10' title="bbox 76 1710 1853 1846">
     <span class='ocr_line' id='line_1_23' title="bbox 76 1710 1853 1774; baseline -0.001 -9"><span class='ocrx_word' id='word_1_206' title='bbox 76 1728 124 1765; x_wconf 93' lang='lat' dir='ltr'>de</span> <span class='ocrx_word' id='word_1_207' title='bbox 154 1727 272 1765; x_wconf 92' lang='lat' dir='ltr'>domo</span> <span class='ocrx_word' id='word_1_208' title='bbox 305 1739 394 1765; x_wconf 88' lang='lat' dir='ltr'>sua:</span> <span class='ocrx_word' id='word_1_209' title='bbox 428 1726 685 1765; x_wconf 85' lang='lat' dir='ltr'>Frumentum</span> <span class='ocrx_word' id='word_1_210' title='bbox 716 1726 896 1765; x_wconf 89' lang='lat' dir='ltr'>clausum</span> <span class='ocrx_word' id='word_1_211' title='bbox 926 1726 1188 1774; x_wconf 86' lang='lat' dir='ltr'>continebant,</span> <span class='ocrx_word' id='word_1_212' title='bbox 1222 1731 1264 1765; x_wconf 93' lang='lat' dir='ltr'>ut</span> <span class='ocrx_word' id='word_1_213' title='bbox 1285 1726 1368 1764; x_wconf 54' lang='lat' dir='ltr'>&gt;sub</span> <span class='ocrx_word' id='word_1_214' title='bbox 1399 1738 1545 1773; x_wconf 86' lang='lat' dir='ltr'>novum</span> <span class='ocrx_word' id='word_1_215' title='bbox 1575 1725 1773 1764; x_wconf 88' lang='lat' dir='ltr'>mitterent</span> <span class='ocrx_word' id='word_1_216' title='bbox 1847 1710 1853 1758; x_wconf 31' lang='grc'>’-</span> 
     </span>
     <span class='ocr_line' id='line_1_24' title="bbox 77 1796 303 1846; baseline -0.004 -10"><span class='ocrx_word' id='word_1_217' title='bbox 77 1798 141 1846; x_wconf 88' lang='lat' dir='ltr'>(ex</span> <span class='ocrx_word' id='word_1_218' title='bbox 174 1809 208 1838; x_wconf 79' lang='lat' dir='ltr'>c,</span> <span class='ocrx_word' id='word_1_219' title='bbox 241 1796 303 1844; x_wconf 90' lang='lat' dir='ltr'>V).</span> 
     </span>
    </p>
   </div>
   <div class='ocr_carea' id='block_1_11' title="bbox 75 1877 1773 2000">
    <p class='ocr_par' dir='ltr' id='par_1_11' title="bbox 75 1877 1773 2000">
     <span class='ocr_line' id='line_1_25' title="bbox 219 1877 1773 1929; baseline -0.001 -11"><span class='ocrx_word' id='word_1_220' title='bbox 219 1893 256 1929; x_wconf 94' lang='lat' dir='ltr'>p.</span> <span class='ocrx_word' id='word_1_221' title='bbox 282 1882 384 1920; x_wconf 86' lang='lat'>210:</span> <span class='ocrx_word' id='word_1_222' title='bbox 420 1880 510 1927; x_wconf 91' lang='lat' dir='ltr'>(sub</span> <span class='ocrx_word' id='word_1_223' title='bbox 540 1892 650 1918; x_wconf 90' lang='lat' dir='ltr'>voce:</span> <span class='ocrx_word' id='word_1_224' title='bbox 687 1879 844 1917; x_wconf 87' lang='lat' dir='ltr'>adhibet</span> <span class='ocrx_word' id='word_1_225' title='bbox 874 1878 948 1926; x_wconf 91' lang='lat' dir='ltr'>illi)</span> <span class='ocrx_word' id='word_1_226' title='bbox 971 1879 1106 1918; x_wconf 91' lang='lat' dir='ltr'>Cicero</span> <span class='ocrx_word' id='word_1_227' title='bbox 1136 1881 1184 1918; x_wconf 90' lang='lat' dir='ltr'>de</span> <span class='ocrx_word' id='word_1_228' title='bbox 1212 1880 1328 1917; x_wconf 91' lang='lat' dir='ltr'>domo</span> <span class='ocrx_word' id='word_1_229' title='bbox 1358 1892 1450 1918; x_wconf 83' lang='lat' dir='ltr'>sua:</span> <span class='ocrx_word' id='word_1_230' title='bbox 1496 1877 1773 1916; x_wconf 86' lang='lat' dir='ltr'>Crudelitatem</span> 
     </span>
     <span class='ocr_line' id='line_1_26' title="bbox 75 1947 1571 2000; baseline -0.003 -11"><span class='ocrx_word' id='word_1_231' title='bbox 75 1962 265 2000; x_wconf 86' lang='lat' dir='ltr'>expromo</span> <span class='ocrx_word' id='word_1_232' title='bbox 297 1962 415 2000; x_wconf 89' lang='lat' dir='ltr'>quam</span> <span class='ocrx_word' id='word_1_233' title='bbox 446 1950 486 1988; x_wconf 91' lang='lat' dir='ltr'>in</span> <span class='ocrx_word' id='word_1_234' title='bbox 517 1963 580 1989; x_wconf 91' lang='lat' dir='ltr'>me</span> <span class='ocrx_word' id='word_1_235' title='bbox 611 1949 743 1999; x_wconf 90' lang='lat' dir='ltr'>ipsum</span> <span class='ocrx_word' id='word_1_236' title='bbox 775 1961 821 1988; x_wconf 92' lang='lat' dir='ltr'>ac</span> <span class='ocrx_word' id='word_1_237' title='bbox 852 1961 961 1988; x_wconf 90' lang='lat' dir='ltr'>meos</span> <span class='ocrx_word' id='word_1_238' title='bbox 993 1949 1226 1988; x_wconf 88' lang='lat' dir='ltr'>adhibuistis</span> <span class='ocrx_word' id='word_1_239' title='bbox 1259 1949 1322 1997; x_wconf 85' lang='lat' dir='ltr'>(ex</span> <span class='ocrx_word' id='word_1_240' title='bbox 1355 1961 1389 1990; x_wconf 93' lang='lat' dir='ltr'>c.</span> <span class='ocrx_word' id='word_1_241' title='bbox 1422 1947 1571 1995; x_wconf 89' lang='lat' dir='ltr'>XXIII).</span> 
     </span>
    </p>
   </div>
   <div class='ocr_carea' id='block_1_12' title="bbox 76 2029 1774 2222">
    <p class='ocr_par' dir='ltr' id='par_1_12' title="bbox 76 2029 1774 2222">
     <span class='ocr_line' id='line_1_27' title="bbox 218 2029 1773 2083; baseline -0.002 -12"><span class='ocrx_word' id='word_1_242' title='bbox 218 2046 255 2083; x_wconf 92' lang='lat' dir='ltr'>p.</span> <span class='ocrx_word' id='word_1_243' title='bbox 291 2035 394 2073; x_wconf 85' lang='lat'><strong>239:</strong></span> <span class='ocrx_word' id='word_1_244' title='bbox 428 2032 537 2081; x_wconf 91' lang='lat' dir='ltr'>(sub:</span> <span class='ocrx_word' id='word_1_245' title='bbox 578 2031 775 2081; x_wconf 82' lang='lat' dir='ltr'>immigrat</span> <span class='ocrx_word' id='word_1_246' title='bbox 805 2031 846 2069; x_wconf 91' lang='lat' dir='ltr'>in</span> <span class='ocrx_word' id='word_1_247' title='bbox 877 2031 1056 2079; x_wconf 91' lang='lat' dir='ltr'>domum)</span> <span class='ocrx_word' id='word_1_248' title='bbox 1090 2031 1169 2071; x_wconf 88' lang='lat' dir='ltr'>Cic.</span> <span class='ocrx_word' id='word_1_249' title='bbox 1202 2033 1250 2071; x_wconf 89' lang='lat' dir='ltr'>de</span> <span class='ocrx_word' id='word_1_250' title='bbox 1281 2033 1398 2071; x_wconf 88' lang='lat' dir='ltr'>domo</span> <span class='ocrx_word' id='word_1_251' title='bbox 1430 2045 1522 2070; x_wconf 86' lang='lat' dir='ltr'>sua:</span> <span class='ocrx_word' id='word_1_252' title='bbox 1568 2031 1670 2069; x_wconf 90' lang='lat' dir='ltr'>Deos</span> <span class='ocrx_word' id='word_1_253' title='bbox 1703 2029 1773 2068; x_wconf 91' lang='lat' dir='ltr'>im-</span> 
     </span>
     <span class='ocr_line' id='line_1_28' title="bbox 76 2102 1774 2152; baseline -0.002 -10"><span class='ocrx_word' id='word_1_254' title='bbox 76 2103 262 2143; x_wconf 87' lang='lat' dir='ltr'>mortales</span> <span class='ocrx_word' id='word_1_255' title='bbox 294 2102 542 2152; x_wconf 82' lang='lat' dir='ltr'>existimatiS,</span> <span class='ocrx_word' id='word_1_256' title='bbox 588 2102 699 2142; x_wconf 92' lang='lat' dir='ltr'>cuius</span> <span class='ocrx_word' id='word_1_257' title='bbox 731 2102 864 2142; x_wconf 80' lang='lat' dir='ltr'>labore</span> <span class='ocrx_word' id='word_1_258' title='bbox 905 2107 942 2142; x_wconf 89' lang='lat' dir='ltr'>et</span> <span class='ocrx_word' id='word_1_259' title='bbox 982 2115 1070 2142; x_wconf 90' lang='lat' dir='ltr'>eum</span> <span class='ocrx_word' id='word_1_260' title='bbox 1114 2103 1276 2142; x_wconf 91' lang='lat' dir='ltr'>domum</span> <span class='ocrx_word' id='word_1_261' title='bbox 1307 2102 1496 2142; x_wconf 85' lang='lat' dir='ltr'>afflictam</span> <span class='ocrx_word' id='word_1_262' title='bbox 1526 2105 1564 2141; x_wconf 87' lang='lat' dir='ltr'>et</span> <span class='ocrx_word' id='word_1_263' title='bbox 1595 2112 1774 2140; x_wconf 90' lang='lat' dir='ltr'>aversam</span> 
     </span>
     <span class='ocr_line' id='line_1_29' title="bbox 77 2171 814 2222; baseline -0.001 -11"><span class='ocrx_word' id='word_1_264' title='bbox 77 2173 302 2222; x_wconf 84' lang='lat' dir='ltr'>immigrare</span> <span class='ocrx_word' id='word_1_265' title='bbox 333 2173 506 2212; x_wconf 83' lang='lat' dir='ltr'>voluisse</span> <span class='ocrx_word' id='word_1_266' title='bbox 539 2173 604 2221; x_wconf 81' lang='lat' dir='ltr'>(ex</span> <span class='ocrx_word' id='word_1_267' title='bbox 635 2185 668 2211; x_wconf 92' lang='lat' dir='ltr'>c.</span> <span class='ocrx_word' id='word_1_268' title='bbox 701 2171 814 2219; x_wconf 87' lang='lat' dir='ltr'>XLI).</span> 
     </span>
    </p>
   </div>
   <div class='ocr_carea' id='block_1_13' title="bbox 76 2252 1878 2691">
    <p class='ocr_par' dir='ltr' id='par_1_13' title="bbox 76 2252 1871 2448">
     <span class='ocr_line' id='line_1_30' title="bbox 220 2252 1834 2306; baseline -0.002 -12"><span class='ocrx_word' id='word_1_269' title='bbox 220 2270 256 2306; x_wconf 93' lang='lat' dir='ltr'>p.</span> <span class='ocrx_word' id='word_1_270' title='bbox 291 2258 395 2296; x_wconf 82' lang='lat'>239:</span> <span class='ocrx_word' id='word_1_271' title='bbox 438 2256 550 2302; x_wconf 86' lang='lat' dir='ltr'>(sub:</span> <span class='ocrx_word' id='word_1_272' title='bbox 595 2255 782 2305; x_wconf 89' lang='lat' dir='ltr'>imposuit</span> <span class='ocrx_word' id='word_1_273' title='bbox 818 2255 858 2293; x_wconf 92' lang='lat' dir='ltr'>in</span> <span class='ocrx_word' id='word_1_274' title='bbox 898 2255 967 2294; x_wconf 90' lang='lat' dir='ltr'>illa</span> <span class='ocrx_word' id='word_1_275' title='bbox 1006 2256 1063 2302; x_wconf 91' lang='lat' dir='ltr'>re)</span> <span class='ocrx_word' id='word_1_276' title='bbox 1108 2256 1188 2294; x_wconf 90' lang='lat' dir='ltr'>Cic.</span> <span class='ocrx_word' id='word_1_277' title='bbox 1222 2257 1269 2294; x_wconf 92' lang='lat' dir='ltr'>de</span> <span class='ocrx_word' id='word_1_278' title='bbox 1300 2257 1416 2294; x_wconf 90' lang='lat' dir='ltr'>domo</span> <span class='ocrx_word' id='word_1_279' title='bbox 1454 2268 1546 2294; x_wconf 88' lang='lat' dir='ltr'>sua:</span> <span class='ocrx_word' id='word_1_280' title='bbox 1591 2253 1679 2292; x_wconf 89' lang='lat' dir='ltr'>Non</span> <span class='ocrx_word' id='word_1_281' title='bbox 1718 2252 1773 2291; x_wconf 86' lang='lat' dir='ltr'>ita</span> <span class='ocrx_word' id='word_1_282' title='bbox 1830 2267 1834 2274; x_wconf 52' lang='lat'>⁸</span> 
     </span>
     <span class='ocr_line' id='line_1_31' title="bbox 76 2322 1772 2378; baseline -0.002 -12"><span class='ocrx_word' id='word_1_283' title='bbox 76 2325 273 2366; x_wconf 87' lang='lat' dir='ltr'>crudelem</span> <span class='ocrx_word' id='word_1_284' title='bbox 304 2325 439 2375; x_wconf 89' lang='lat' dir='ltr'>fuisse,</span> <span class='ocrx_word' id='word_1_285' title='bbox 471 2330 515 2365; x_wconf 92' lang='lat' dir='ltr'>ut</span> <span class='ocrx_word' id='word_1_286' title='bbox 544 2324 706 2365; x_wconf 86' lang='lat' dir='ltr'>viventis</span> <span class='ocrx_word' id='word_1_287' title='bbox 738 2324 855 2365; x_wconf 88' lang='lat' dir='ltr'>etiam</span> <span class='ocrx_word' id='word_1_288' title='bbox 886 2330 923 2365; x_wconf 89' lang='lat' dir='ltr'>et</span> <span class='ocrx_word' id='word_1_289' title='bbox 954 2325 1139 2378; x_wconf 88' lang='lat' dir='ltr'>spirantis</span> <span class='ocrx_word' id='word_1_290' title='bbox 1168 2325 1361 2378; x_wconf 88' lang='lat' dir='ltr'>capitibus</span> <span class='ocrx_word' id='word_1_291' title='bbox 1393 2338 1483 2366; x_wconf 89' lang='lat' dir='ltr'>eum</span> <span class='ocrx_word' id='word_1_292' title='bbox 1505 2324 1587 2365; x_wconf 90' lang='lat' dir='ltr'>suis</span> <span class='ocrx_word' id='word_1_293' title='bbox 1607 2322 1772 2364; x_wconf 86' lang='lat' dir='ltr'>navibus</span> 
     </span>
     <span class='ocr_line' id='line_1_32' title="bbox 76 2382 1863 2448; baseline 0.001 -12"><span class='ocrx_word' id='word_1_294' title='bbox 76 2398 294 2448; x_wconf 89' lang='lat' dir='ltr'>imponeret</span> <span class='ocrx_word' id='word_1_295' title='bbox 326 2397 391 2445; x_wconf 83' lang='lat' dir='ltr'>(ex</span> <span class='ocrx_word' id='word_1_296' title='bbox 423 2409 456 2436; x_wconf 93' lang='lat' dir='ltr'>c.</span> <span class='ocrx_word' id='word_1_297' title='bbox 489 2395 585 2443; x_wconf 93' lang='lat' dir='ltr'>LII).</span> <span class='ocrx_word' id='word_1_298' title='bbox 1828 2382 1863 2438; x_wconf 43' lang='grc' dir='ltr'>,ι</span> 
     </span>
    </p>

    <p class='ocr_par' dir='ltr' id='par_1_14' title="bbox 76 2449 1878 2680">
     <span class='ocr_line' id='line_1_33' title="bbox 219 2449 1878 2523; baseline -0.003 -14"><span class='ocrx_word' id='word_1_299' title='bbox 219 2480 257 2519; x_wconf 88' lang='lat' dir='ltr'>p.</span> <span class='ocrx_word' id='word_1_300' title='bbox 282 2469 386 2509; x_wconf 87' lang='lat'>257:</span> <span class='ocrx_word' id='word_1_301' title='bbox 421 2466 513 2517; x_wconf 92' lang='lat' dir='ltr'>(sub</span> <span class='ocrx_word' id='word_1_302' title='bbox 540 2479 652 2509; x_wconf 85' lang='lat' dir='ltr'>voce:</span> <span class='ocrx_word' id='word_1_303' title='bbox 686 2478 826 2518; x_wconf 89' lang='lat' dir='ltr'>praeeo</span> <span class='ocrx_word' id='word_1_304' title='bbox 856 2465 941 2515; x_wconf 90' lang='lat' dir='ltr'>tibi)</span> <span class='ocrx_word' id='word_1_305' title='bbox 974 2465 1055 2509; x_wconf 89' lang='lat' dir='ltr'>Cic.</span> <span class='ocrx_word' id='word_1_306' title='bbox 1079 2467 1127 2507; x_wconf 90' lang='lat' dir='ltr'>de</span> <span class='ocrx_word' id='word_1_307' title='bbox 1156 2467 1274 2508; x_wconf 91' lang='lat' dir='ltr'>domo</span> <span class='ocrx_word' id='word_1_308' title='bbox 1307 2480 1396 2508; x_wconf 88' lang='lat' dir='ltr'>sua:</span> <span class='ocrx_word' id='word_1_309' title='bbox 1429 2466 1509 2507; x_wconf 91' lang='lat' dir='ltr'>Aut</span> <span class='ocrx_word' id='word_1_310' title='bbox 1538 2463 1635 2506; x_wconf 87' lang='lat' dir='ltr'>mihi</span> <span class='ocrx_word' id='word_1_311' title='bbox 1666 2475 1791 2516; x_wconf 48' lang='lat' dir='ltr'>praev</span> <span class='ocrx_word' id='word_1_312' title='bbox 1834 2449 1878 2523; x_wconf 48' lang='lat'>[³32</span> 
     </span>
     <span class='ocr_line' id='line_1_34' title="bbox 76 2533 958 2590; baseline 0 -11"><span class='ocrx_word' id='word_1_313' title='bbox 76 2538 187 2588; x_wconf 87' lang='lat' dir='ltr'>eatis,</span> <span class='ocrx_word' id='word_1_314' title='bbox 221 2543 288 2579; x_wconf 91' lang='lat' dir='ltr'>aut</span> <span class='ocrx_word' id='word_1_315' title='bbox 320 2543 475 2590; x_wconf 90' lang='lat' dir='ltr'>postem</span> <span class='ocrx_word' id='word_1_316' title='bbox 505 2537 672 2577; x_wconf 87' lang='lat' dir='ltr'>teneatis</span> <span class='ocrx_word' id='word_1_317' title='bbox 703 2533 768 2590; x_wconf 85' lang='lat' dir='ltr'>(ex</span> <span class='ocrx_word' id='word_1_318' title='bbox 801 2550 833 2577; x_wconf 92' lang='lat' dir='ltr'>c.</span> <span class='ocrx_word' id='word_1_319' title='bbox 866 2537 958 2586; x_wconf 92' lang='lat' dir='ltr'>LII).</span> 
     </span>
     <span class='ocr_line' id='line_1_35' title="bbox 217 2608 1875 2691; baseline -0.002 -30"><span class='ocrx_word' id='word_1_320' title='bbox 217 2635 256 2674; x_wconf 92' lang='lat' dir='ltr'>p.</span> <span class='ocrx_word' id='word_1_321' title='bbox 290 2624 396 2663; x_wconf 86' lang='lat'>222·</span> <span class='ocrx_word' id='word_1_322' title='bbox 430 2621 540 2671; x_wconf 84' lang='lat' dir='ltr'>(sub:</span> <span class='ocrx_word' id='word_1_323' title='bbox 583 2621 688 2660; x_wconf 90' lang='lat' dir='ltr'>dolet</span> <span class='ocrx_word' id='word_1_324' title='bbox 718 2620 786 2661; x_wconf 88' lang='lat' dir='ltr'>illa</span> <span class='ocrx_word' id='word_1_325' title='bbox 815 2618 875 2669; x_wconf 93' lang='lat' dir='ltr'>re)</span> <span class='ocrx_word' id='word_1_326' title='bbox 921 2620 1001 2661; x_wconf 92' lang='lat' dir='ltr'>Cic.</span> <span class='ocrx_word' id='word_1_327' title='bbox 1034 2622 1082 2661; x_wconf 92' lang='lat' dir='ltr'>de</span> <span class='ocrx_word' id='word_1_328' title='bbox 1112 2622 1229 2661; x_wconf 91' lang='lat' dir='ltr'>domo</span> <span class='ocrx_word' id='word_1_329' title='bbox 1260 2626 1299 2661; x_wconf 89' lang='lat' dir='ltr'>et</span> <span class='ocrx_word' id='word_1_330' title='bbox 1328 2634 1410 2673; x_wconf 91' lang='lat' dir='ltr'>rep.</span> <span class='ocrx_word' id='word_1_331' title='bbox 1443 2619 1577 2660; x_wconf 90' lang='lat' dir='ltr'>Vicem</span> <span class='ocrx_word' id='word_1_332' title='bbox 1608 2611 1774 2691; x_wconf 55' lang='lat' dir='ltr'>luge071)</span> <span class='ocrx_word' id='word_1_333' title='bbox 1814 2608 1875 2680; x_wconf 43' lang='lat' dir='ltr'>fil*</span> 
     </span>
    </p>
   </div>
   <div class='ocr_carea' id='block_1_14' title="bbox 79 2708 357 2715">
    <p class='ocr_par' dir='ltr' id='par_1_15' title="bbox 79 2708 357 2715">
     <span class='ocr_line' id='line_1_36' title="bbox 79 2708 357 2715; baseline 0 305"><span class='ocrx_word' id='word_1_334' title='bbox 79 2708 357 2715; x_wconf 95' lang='lat' dir='ltr'> </span> 
     </span>
    </p>
   </div>
   <div class='ocr_carea' id='block_1_15' title="bbox 77 2744 1876 2867">
    <p class='ocr_par' dir='ltr' id='par_1_16' title="bbox 77 2730 1876 2867">
     <span class='ocr_line' id='line_1_37' title="bbox 220 2744 1876 2805; baseline -0.021 -21"><span class='ocrx_word' id='word_1_335' title='bbox 220 2759 247 2805; x_wconf 87' lang='lat'>1)</span> <span class='ocrx_word' id='word_1_336' title='bbox 269 2759 358 2796; x_wconf 85' lang='lat' dir='ltr'>Vide</span> <span class='ocrx_word' id='word_1_337' title='bbox 391 2770 463 2796; x_wconf 81' lang='lat' dir='ltr'>van</span> <span class='ocrx_word' id='word_1_338' title='bbox 488 2759 551 2795; x_wconf 90' lang='lat' dir='ltr'>der</span> <span class='ocrx_word' id='word_1_339' title='bbox 576 2758 734 2801; x_wconf 88' lang='lat' dir='ltr'>Hoeven,</span> <span class='ocrx_word' id='word_1_340' title='bbox 770 2759 955 2804; x_wconf 87' lang='lat' dir='ltr'>specimen</span> <span class='ocrx_word' id='word_1_341' title='bbox 989 2760 1172 2796; x_wconf 86' lang='lat' dir='ltr'>literarum</span> <span class='ocrx_word' id='word_1_342' title='bbox 1211 2760 1255 2796; x_wconf 89' lang='lat' dir='ltr'>de</span> <span class='ocrx_word' id='word_1_343' title='bbox 1280 2758 1465 2795; x_wconf 89' lang='lat' dir='ltr'>nonnullis</span> <span class='ocrx_word' id='word_1_344' title='bbox 1499 2755 1588 2792; x_wconf 87' lang='lat' dir='ltr'>locis</span> <span class='ocrx_word' id='word_1_345' title='bbox 1612 2737 1876 2805; x_wconf 14' lang='lat' dir='ltr'>veterum-QM‘</span> 
     </span>
     <span class='ocr_line' id='line_1_38' title="bbox 77 2808 1857 2867; baseline -0.031 -2"><span class='ocrx_word' id='word_1_346' title='bbox 77 2819 294 2867; x_wconf 79' lang='lat' dir='ltr'>scriptorum</span> <span class='ocrx_word' id='word_1_347' title='bbox 319 2823 386 2856; x_wconf 83' lang='lat' dir='ltr'>cet.</span> <span class='ocrx_word' id='word_1_348' title='bbox 410 2818 673 2856; x_wconf 70' lang='lat' dir='ltr'>Amstelodami</span> <span class='ocrx_word' id='word_1_349' title='bbox 700 2817 801 2863; x_wconf 84' lang='lat'>1845,</span> <span class='ocrx_word' id='word_1_350' title='bbox 828 2829 864 2865; x_wconf 85' lang='lat' dir='ltr'>p</span> <span class='ocrx_word' id='word_1_351' title='bbox 890 2818 946 2855; x_wconf 84' lang='lat'>43</span> <span class='ocrx_word' id='word_1_352' title='bbox 1822 2808 1825 2811; x_wconf 89' lang='lat'>.</span> <span class='ocrx_word' id='word_1_353' title='bbox 1852 2811 1857 2819; x_wconf 63' lang='lat'>.</span> 
     </span>
    </p>
   </div>
   <div class='ocr_carea' id='block_1_16' title="bbox 1798 2317 1878 3020">
    <p class='ocr_par' dir='ltr' id='par_1_17' title="bbox 1798 2317 1878 3020">
     <span class='ocr_line' id='line_1_39' title="bbox 1798 2317 1878 3020; baseline 0 0"><span class='ocrx_word' id='word_1_354' title='bbox 1798 2317 1878 3020; x_wconf 95' lang='lat' dir='ltr'> </span> 
     </span>
    </p>
   </div>
  </div>
 </body>
</html>
