1878 3020
805 30 1114 97 -g...¹

85 178 158 222 est,
200 186 272 224 pro
304 172 473 224 genuina
513 185 601 211 esse
630 171 806 212 habitam
837 173 1111 224 comprobem
1152 172 1291 212 deinde
1322 186 1379 223 ea,
1421 189 1522 227 quae
1551 177 1636 218 Mar
1695 179 1700 182 ’

86 249 125 283 et
154 243 300 283 Wolfio
331 243 536 282 offensioni
556 247 678 291 erant,
712 248 779 282 aut
800 243 968 283 librariis
990 243 1122 283 deberi
1142 248 1210 282 aut
1230 256 1254 282 a
1274 246 1503 286 censoribus
1530 248 1671 289 iniuria
1686 250 1692 257 ²

84 314 307 366 improbata
337 314 512 353 doceam.
578 304 582 306 ’
1775 298 1821 316 ⁶

225 396 353 446 Atque
384 395 558 445 primum
588 394 746 445 quidem
768 395 904 436 Cicero
935 396 1020 447 ipse
1041 401 1218 445 testatur,
1252 409 1275 435 a
1297 409 1340 435 se
1360 398 1577 439 orationem
1597 401 1645 440 de
1664 402 1781 442 domo
1806 400 1873 438 ’ἐὲ

86 479 175 505 esse
204 465 402 514 habitam;
435 479 528 505 nam
559 465 599 504 in
630 478 690 516 ep.
714 467 763 505 ad
794 466 966 506 Atticum
1000 466 1060 515 IV,
1095 469 1119 507 2
1152 466 1344 517 scriptum
1375 472 1454 507 est:
1789 453 1792 458 Δ
1823 453 1875 474 ⁹³⁴

223 548 347 596 „Post
362 548 451 586 illas
467 548 580 586 datas
598 547 747 586 litteras
765 553 899 587 secuta
916 554 975 587 est
992 561 1148 587 summa
1164 548 1360 587 contentio
1375 549 1424 587 de
1439 550 1569 590 domo.
1601 550 1783 593 Diximus
1849 579 1857 601 -2

83 619 188 668 apud
220 618 425 668 pontifices
469 618 594 668 pridie
625 617 712 659 Kal.
746 618 949 658 Octobres.
1002 619 1102 658 Acta
1132 631 1195 657 res
1227 623 1287 657 est
1318 623 1502 658 accurate
1533 634 1557 659 a
1586 622 1712 671 nobis,
1745 628 1784 663 et
1827 605 1878 671 'l

84 687 117 726 si
150 700 326 738 unquam
356 688 396 726 in
427 687 591 726 dicendo
613 687 759 726 fuimus
782 688 927 739 alquid,
961 693 1028 728 aut
1049 688 1179 735 etiam,
1213 687 1246 726 si
1269 700 1471 739 nunquam
1492 689 1591 728 alias
1623 691 1781 741 fuimus,
1821 677 1878 742 a}

80 762 164 796 tum
204 759 377 809 profecto
409 758 433 804 †
465 759 576 797 dolor
611 763 648 797 et
685 758 911 808 magnitudo
951 759 1029 798 vim
1068 758 1276 809 quandam
1315 758 1429 797 nobis
1469 758 1625 798 dicendi
1664 762 1778 804 dedi.
1869 741 1876 758 ς

82 828 217 880 Itaque
248 828 373 869 oratio
395 826 622 877 iuventutil)
654 834 812 869 nostrae
834 829 964 869 deberi
985 842 1065 869 non
1086 834 1239 881 potest3
1273 842 1392 880 quam
1412 828 1494 878 tibi,
1527 829 1681 870 etiamsi
1701 815 1776 871 nosn
1805 882 1810 885 μ
1874 870 1878 884 ,-

81 899 295 947 desideras,
329 905 461 938 tamen
492 899 647 938 mittam
678 899 798 939 cito.“

222 992 280 1031 Ex
312 992 374 1031 his
406 992 504 1044 ipsis
527 992 727 1032 Ciceronis
758 993 886 1032 verbis
917 993 1169 1033 Marklandus
1203 989 1259 1044 (p.
1283 992 1418 1040 LXIX)
1451 993 1630 1032 concludi
1662 1005 1777 1049 posse

80 1061 276 1112 opinatur,
320 1063 530 1112 genuinam
569 1063 785 1102 orationem
826 1065 875 1103 ad
906 1076 979 1102 nos
1011 1077 1090 1103 non
1122 1063 1365 1114 pervenisse;
1405 1075 1531 1113 neque
1570 1063 1671 1105 enim
1701 1062 1775 1103 hoc

80 1132 393 1171 illustrissimum
433 1133 703 1172 testimonium
739 1134 830 1172 huic
871 1134 1049 1182 orationi,
1095 1147 1172 1184 qua
1211 1134 1308 1172 nihil
1348 1133 1529 1181 ieiunius,
1574 1133 1773 1182 insulsius,

83 1203 258 1253 putidius
280 1203 443 1252 cogitari
465 1203 604 1253 possit,
627 1204 844 1246 convenire,
879 1204 920 1243 Si
943 1204 1138 1242 Asconius
1160 1204 1256 1243 illud
1277 1202 1547 1242 testimonium
1568 1203 1772 1251 attulisset,

79 1272 308 1312 Marklando
340 1273 564 1321 assentirer,
598 1286 838 1325 quamquam
869 1279 1043 1314 veterum
1075 1273 1217 1312 iudicia
1249 1285 1367 1323 saepe
1398 1285 1488 1312 cum
1519 1271 1663 1311 nostris
1695 1284 1773 1311 non

78 1349 310 1393 congruunt.
345 1344 458 1382 Velut
478 1344 675 1383 neminem
697 1344 806 1394 fugit,
830 1344 1098 1383 testimonium
1116 1344 1294 1383 Eumenii
1316 1344 1470 1394 (paneg.
1490 1343 1623 1384 Const.
1644 1344 1709 1391 14,
1730 1343 1772 1390 2)

77 1414 534 1464 honorificentissimum,
577 1415 643 1466 qui
674 1415 911 1455 Frontonem
942 1428 1130 1454 romanae
1160 1414 1402 1466 eloquentiae
1433 1426 1513 1453 non
1545 1413 1770 1462 secundum,

78 1487 147 1525 sed
179 1487 347 1525 alterum
377 1487 496 1526 decus
530 1486 690 1535 vocavit,
732 1486 798 1525 illo
830 1487 997 1535 rhetore,
1040 1486 1151 1525 cuius
1192 1485 1379 1524 iudicium
1410 1498 1433 1524 a
1464 1485 1629 1524 sanitate
1659 1485 1772 1534 longe

78 1557 187 1605 afuit,
229 1557 344 1596 nobis
384 1557 699 1607 indignissimum
731 1571 819 1597 esse
849 1558 980 1597 videri.
1041 1557 1188 1597 Deinde
1228 1557 1316 1608 quis
1352 1556 1488 1604 nescit,
1536 1560 1774 1607 quantopere

76 1627 256 1666 homines
298 1628 402 1666 docti
443 1629 632 1675 laborent,
675 1633 717 1667 ut
748 1628 975 1676 Quintiliani
1006 1627 1204 1676 iudicium,
1246 1628 1312 1678 qui
1342 1627 1383 1666 in
1412 1628 1503 1666 inst.
1536 1639 1591 1666 or.
1624 1626 1690 1668 lib.
1722 1625 1769 1666 X.

78 1710 112 1738 c.
146 1698 160 1736 Ι
192 1699 213 1745 ξ
246 1701 315 1739 83.
369 1699 591 1738 Aristotelis
623 1699 829 1749 eloquendi
861 1699 1092 1738 suavitatem
1123 1699 1268 1746 laudat,
1300 1704 1404 1737 recte
1435 1698 1655 1748 explicent?
1696 1697 1771 1736 Sed

77 1768 172 1806 illud
211 1769 482 1807 testimonium
517 1770 629 1808 affert
671 1770 719 1808 de
757 1782 799 1808 se
830 1769 965 1808 Cicero
1006 1769 1113 1819 ipse,
1159 1768 1245 1819 qui,
1294 1773 1534 1819 quantopere
1580 1767 1654 1806 sibi
1692 1767 1770 1817 pla-

75 1839 218 1888 cuerit,
265 1840 362 1879 satis
395 1839 556 1879 scimus.
605 1840 739 1892 ltaque
769 1854 836 1889 ea,
881 1853 981 1891 quae
1011 1839 1262 1879 Marklandus
1300 1839 1433 1888 voluit,
1482 1837 1661 1878 concludi
1693 1849 1770 1876 non

77 1914 255 1961 possunt.

215 2005 363 2044 Deinde
393 2005 645 2045 Marklandus
678 2006 733 2056 (p.
757 2005 893 2054 LXIX)
926 2019 971 2045 eo
1013 2006 1108 2045 illud
1141 2004 1340 2044 Ciceronis
1382 2003 1649 2044 testimonium
1678 2014 1769 2041 cum

73 2075 148 2115 hac
180 2077 356 2115 oratione
388 2077 609 2115 consentire
629 2082 757 2126 negat,
791 2077 907 2127 quod,
941 2089 1031 2115 cum
1053 2076 1095 2115 C.
1120 2089 1205 2115 rem
1226 2081 1407 2115 accurate
1428 2089 1452 2114 a
1473 2088 1516 2114 se
1536 2087 1625 2113 esse
1643 2077 1771 2112 actam

73 2146 190 2194 dicat,
222 2146 412 2185 orationis
434 2147 482 2185 de
503 2147 619 2185 domo
641 2147 814 2186 maxima
836 2160 928 2198 pars
951 2148 1000 2186 ad
1021 2161 1104 2185 rem
1125 2160 1202 2185 non
1224 2146 1426 2197 pertineat,
1460 2146 1528 2184 sed
1558 2141 1769 2183 tralaticias

73 2218 121 2256 de
153 2217 290 2257 Clodio
322 2222 360 2256 et
389 2217 579 2256 Clodiana
609 2217 777 2256 factione
806 2218 992 2257 historias
1024 2218 1294 2268 amplectatur.
1327 2215 1524 2267 Imprimis
1546 2227 1635 2253 eum
1656 2212 1771 2251 offen-

72 2288 224 2337 derunt,
258 2301 359 2339 quae
389 2288 429 2327 in
457 2300 491 2328 c.
521 2288 601 2328 XII.
634 2289 656 2335 ἓ
679 2290 732 2329 32
766 2289 965 2338 leguntur:
1000 2289 1200 2339 „intelligo
1232 2301 1295 2327 me
1326 2287 1440 2338 plura
1470 2290 1580 2325 extra
1610 2294 1770 2323 causam

72 2359 261 2399 dixisse“.
295 2361 347 2399 At
379 2360 524 2399 similia
556 2360 788 2410 saepissime
818 2360 858 2399 in
890 2360 932 2399 C.
966 2359 1207 2399 orationibus
1239 2358 1498 2398 inveniuntur.
1541 2355 1704 2405 Semper
1726 2351 1767 2392 C.

73 2444 187 2470 suam
220 2443 383 2470 causam
414 2444 505 2470 cum
536 2431 693 2482 publica
724 2431 924 2471 coniunxit
955 2432 1058 2470 velut
1088 2430 1128 2469 in
1150 2429 1252 2469 Sest.
1275 2442 1308 2469 c.
1330 2428 1444 2477 XIII.,
1467 2427 1596 2468 Flacc.
1620 2437 1654 2465 e.
1676 2423 1768 2474 XL„
1839 2436 1878 2486 ,fg

70 2515 142 2554 pro
171 2502 271 2545 Mur.
305 2516 339 2545 c.
363 2503 404 2551 1.,
439 2515 510 2554 pro
541 2502 620 2543 Mil.
645 2516 678 2546 c.
702 2502 779 2553 IX„
812 2515 883 2554 pro
914 2503 1033 2542 Arch.
1067 2515 1100 2543 c„
1124 2501 1199 2550 vt,
1232 2501 1273 2540 in
1293 2501 1401 2542 Verr.
1423 2500 1483 2550 ΠΙ,
1509 2504 1576 2542 69.
1807 2518 1812 2526 =
1847 2511 1878 2533 ἓ

210 2598 357 2638 Deinde
389 2598 654 2646 Quintilianus
695 2599 912 2640 orationem
952 2600 1000 2639 de
1039 2600 1156 2639 domo
1188 2612 1211 2638 a
1243 2598 1430 2638 Cicerone
1460 2601 1498 2636 et
1526 2594 1701 2635 habitam
1730 2595 1768 2631 et
1838 2585 1876 2635 &a

68 2669 213 2710 editam
244 2683 332 2710 esse
363 2676 499 2711 auctor
530 2676 610 2719 est3
642 2685 735 2712 nam
765 2672 804 2712 in
832 2672 923 2712 inst.
947 2685 1003 2715 or.
1027 2671 1093 2714 lib.
1117 2671 1143 2721 1,
1169 2673 1206 2722 1,
1231 2674 1284 2713 23
1308 2668 1489 2722 scripsit:
1529 2665 1631 2714 Quin
1653 2662 1792 2726 ethim,
1822 2702 1878 2731 ἲ

211 2796 239 2842 ¹)
267 2798 310 2834 cf.
336 2798 445 2834 Halm
469 2799 513 2834 ad
540 2798 630 2834 Sest.
656 2809 691 2844 p.
721 2798 798 2836 105.
