<?xml version="1.0" encoding="UTF-8"?>
<!DOCTYPE html PUBLIC "-//W3C//DTD XHTML 1.0 Transitional//EN"
    "http://www.w3.org/TR/xhtml1/DTD/xhtml1-transitional.dtd">
<html xmlns="http://www.w3.org/1999/xhtml" xml:lang="en" lang="en">
 <head>
  <title>
</title>
<meta http-equiv="Content-Type" content="text/html;charset=utf-8" />
  <meta name='ocr-system' content='tesseract 3.04.00' />
  <meta name='ocr-capabilities' content='ocr_page ocr_carea ocr_par ocr_line ocrx_word'/>
</head>
<body>
  <div class='ocr_page' id='page_1' title='image "4738053_0049.png"; bbox 0 0 1878 3020; ppageno 0'>
   <div class='ocr_carea' id='block_1_1' title="bbox 1516 0 1878 157">
    <p class='ocr_par' dir='ltr' id='par_1_1' title="bbox 1516 0 1878 157">
     <span class='ocr_line' id='line_1_1' title="bbox 1516 0 1878 157; baseline 0 2863"><span class='ocrx_word' id='word_1_1' title='bbox 1516 0 1878 157; x_wconf 95' lang='lat' dir='ltr'> </span> 
     </span>
    </p>
   </div>
   <div class='ocr_carea' id='block_1_2' title="bbox 792 106 1081 154">
    <p class='ocr_par' dir='ltr' id='par_1_2' title="bbox 792 106 1081 154">
     <span class='ocr_line' id='line_1_2' title="bbox 792 106 1081 154; baseline -0.007 -12"><span class='ocrx_word' id='word_1_2' title='bbox 792 106 1081 154; x_wconf 62' lang='lat'><strong>-36-</strong></span> 
     </span>
    </p>
   </div>
   <div class='ocr_carea' id='block_1_3' title="bbox 88 228 1787 849">
    <p class='ocr_par' dir='ltr' id='par_1_3' title="bbox 88 228 1787 849">
     <span class='ocr_line' id='line_1_3' title="bbox 88 228 1785 283; baseline 0.001 -12"><span class='ocrx_word' id='word_1_3' title='bbox 88 228 218 271; x_wconf 85' lang='lat' dir='ltr'>dicere</span> <span class='ocrx_word' id='word_1_4' title='bbox 249 229 421 271; x_wconf 88' lang='lat' dir='ltr'>voluisse</span> <span class='ocrx_word' id='word_1_5' title='bbox 452 230 505 271; x_wconf 90' lang='lat' dir='ltr'>de</span> <span class='ocrx_word' id='word_1_6' title='bbox 535 229 768 282; x_wconf 84' lang='lat' dir='ltr'><strong>dignitate</strong></span> <span class='ocrx_word' id='word_1_7' title='bbox 799 231 1038 283; x_wconf 87' lang='lat' dir='ltr'>cuiusque,</span> <span class='ocrx_word' id='word_1_8' title='bbox 1071 234 1114 270; x_wconf 87' lang='lat' dir='ltr'>ut</span> <span class='ocrx_word' id='word_1_9' title='bbox 1146 242 1287 272; x_wconf 89' lang='lat' dir='ltr'>censor</span> <span class='ocrx_word' id='word_1_10' title='bbox 1310 234 1541 283; x_wconf 85' lang='lat' dir='ltr'>potestatem</span> <span class='ocrx_word' id='word_1_11' title='bbox 1573 243 1688 278; x_wconf 87' lang='lat' dir='ltr'>suam</span> <span class='ocrx_word' id='word_1_12' title='bbox 1718 243 1785 272; x_wconf 88' lang='lat' dir='ltr'>no·</span> 
     </span>
     <span class='ocr_line' id='line_1_4' title="bbox 89 302 1786 354; baseline 0 -13"><span class='ocrx_word' id='word_1_13' title='bbox 89 302 196 342; x_wconf 87' lang='lat' dir='ltr'>mine</span> <span class='ocrx_word' id='word_1_14' title='bbox 229 308 390 342; x_wconf 88' lang='lat' dir='ltr'>senatus</span> <span class='ocrx_word' id='word_1_15' title='bbox 423 314 603 342; x_wconf 83' lang='lat' dir='ltr'>exercere</span> <span class='ocrx_word' id='word_1_16' title='bbox 635 302 890 352; x_wconf 86' lang='lat' dir='ltr'>significetur,</span> <span class='ocrx_word' id='word_1_17' title='bbox 924 303 1025 341; x_wconf 88' lang='lat' dir='ltr'>falsa</span> <span class='ocrx_word' id='word_1_18' title='bbox 1055 307 1136 348; x_wconf 84' lang='lat' dir='ltr'>est;</span> <span class='ocrx_word' id='word_1_19' title='bbox 1182 302 1231 341; x_wconf 90' lang='lat' dir='ltr'>cf.</span> <span class='ocrx_word' id='word_1_20' title='bbox 1264 303 1425 342; x_wconf 86' lang='lat' dir='ltr'>Festum</span> <span class='ocrx_word' id='word_1_21' title='bbox 1457 317 1494 354; x_wconf 92' lang='lat' dir='ltr'>p.</span> <span class='ocrx_word' id='word_1_22' title='bbox 1529 306 1632 344; x_wconf 85' lang='lat'>246:</span> <span class='ocrx_word' id='word_1_23' title='bbox 1679 314 1786 353; x_wconf 88' lang='lat' dir='ltr'>prae·</span> 
     </span>
     <span class='ocr_line' id='line_1_5' title="bbox 89 373 1784 425; baseline 0 -12"><span class='ocrx_word' id='word_1_24' title='bbox 89 374 192 413; x_wconf 88' lang='lat' dir='ltr'>teriti</span> <span class='ocrx_word' id='word_1_25' title='bbox 225 379 428 413; x_wconf 84' lang='lat' dir='ltr'>senatores</span> <span class='ocrx_word' id='word_1_26' title='bbox 461 374 660 424; x_wconf 89' lang='lat' dir='ltr'>quondam</span> <span class='ocrx_word' id='word_1_27' title='bbox 691 374 730 412; x_wconf 87' lang='lat' dir='ltr'>in</span> <span class='ocrx_word' id='word_1_28' title='bbox 753 373 965 424; x_wconf 88' lang='lat' dir='ltr'>opprobrio</span> <span class='ocrx_word' id='word_1_29' title='bbox 997 385 1074 411; x_wconf 89' lang='lat' dir='ltr'>non</span> <span class='ocrx_word' id='word_1_30' title='bbox 1097 377 1220 420; x_wconf 89' lang='lat' dir='ltr'>erant,</span> <span class='ocrx_word' id='word_1_31' title='bbox 1253 375 1357 424; x_wconf 91' lang='lat' dir='ltr'>quod</span> <span class='ocrx_word' id='word_1_32' title='bbox 1387 380 1429 414; x_wconf 89' lang='lat' dir='ltr'>ut</span> <span class='ocrx_word' id='word_1_33' title='bbox 1450 387 1561 425; x_wconf 86' lang='lat' dir='ltr'>reges</span> <span class='ocrx_word' id='word_1_34' title='bbox 1593 374 1666 413; x_wconf 89' lang='lat' dir='ltr'>sibi</span> <span class='ocrx_word' id='word_1_35' title='bbox 1687 374 1784 424; x_wconf 83' lang='lat' dir='ltr'>lege-</span> 
     </span>
     <span class='ocr_line' id='line_1_6' title="bbox 88 443 1785 496; baseline -0.001 -11"><span class='ocrx_word' id='word_1_36' title='bbox 88 445 185 485; x_wconf 87' lang='lat' dir='ltr'>bant</span> <span class='ocrx_word' id='word_1_37' title='bbox 217 446 552 495; x_wconf 85' lang='lat' dir='ltr'>sublegebantque</span> <span class='ocrx_word' id='word_1_38' title='bbox 582 457 681 495; x_wconf 89' lang='lat' dir='ltr'>quos</span> <span class='ocrx_word' id='word_1_39' title='bbox 712 444 752 483; x_wconf 91' lang='lat' dir='ltr'>in</span> <span class='ocrx_word' id='word_1_40' title='bbox 785 443 950 483; x_wconf 91' lang='lat' dir='ltr'>consilio</span> <span class='ocrx_word' id='word_1_41' title='bbox 984 443 1139 494; x_wconf 88' lang='lat' dir='ltr'>publico</span> <span class='ocrx_word' id='word_1_42' title='bbox 1171 444 1379 493; x_wconf 81' lang='lat' dir='ltr'>haberent,</span> <span class='ocrx_word' id='word_1_43' title='bbox 1421 446 1476 485; x_wconf 90' lang='lat' dir='ltr'>ita</span> <span class='ocrx_word' id='word_1_44' title='bbox 1506 449 1596 496; x_wconf 91' lang='lat' dir='ltr'>post</span> <span class='ocrx_word' id='word_1_45' title='bbox 1625 448 1785 485; x_wconf 83' lang='lat' dir='ltr'>exactos</span> 
     </span>
     <span class='ocr_line' id='line_1_7' title="bbox 90 515 1784 566; baseline -0.001 -10"><span class='ocrx_word' id='word_1_46' title='bbox 90 529 159 556; x_wconf 91' lang='lat' dir='ltr'>eos</span> <span class='ocrx_word' id='word_1_47' title='bbox 192 518 376 556; x_wconf 90' lang='lat' dir='ltr'>consules</span> <span class='ocrx_word' id='word_1_48' title='bbox 409 528 563 566; x_wconf 92' lang='lat' dir='ltr'>quoque</span> <span class='ocrx_word' id='word_1_49' title='bbox 594 520 631 554; x_wconf 86' lang='lat' dir='ltr'>et</span> <span class='ocrx_word' id='word_1_50' title='bbox 673 515 818 554; x_wconf 89' lang='lat' dir='ltr'>tribuni</span> <span class='ocrx_word' id='word_1_51' title='bbox 850 515 932 556; x_wconf 91' lang='lat' dir='ltr'>mil.</span> <span class='ocrx_word' id='word_1_52' title='bbox 968 515 1166 554; x_wconf 86' lang='lat' dir='ltr'>consulari</span> <span class='ocrx_word' id='word_1_53' title='bbox 1209 519 1403 566; x_wconf 85' lang='lat' dir='ltr'>potestate</span> <span class='ocrx_word' id='word_1_54' title='bbox 1441 515 1784 556; x_wconf 88' lang='lat' dir='ltr'>coniunctissimos</span> 
     </span>
     <span class='ocr_line' id='line_1_8' title="bbox 93 585 1787 638; baseline -0.001 -11"><span class='ocrx_word' id='word_1_55' title='bbox 93 587 166 627; x_wconf 89' lang='lat' dir='ltr'>sibi</span> <span class='ocrx_word' id='word_1_56' title='bbox 201 600 378 638; x_wconf 88' lang='lat' dir='ltr'>quosque</span> <span class='ocrx_word' id='word_1_57' title='bbox 420 586 671 636; x_wconf 89' lang='lat' dir='ltr'>patriciorum</span> <span class='ocrx_word' id='word_1_58' title='bbox 714 590 751 624; x_wconf 90' lang='lat' dir='ltr'>et</span> <span class='ocrx_word' id='word_1_59' title='bbox 791 585 929 625; x_wconf 90' lang='lat' dir='ltr'>deinde</span> <span class='ocrx_word' id='word_1_60' title='bbox 968 585 1208 636; x_wconf 90' lang='lat' dir='ltr'>plebeiorum</span> <span class='ocrx_word' id='word_1_61' title='bbox 1239 586 1438 635; x_wconf 85' lang='lat' dir='ltr'>legebant,</span> <span class='ocrx_word' id='word_1_62' title='bbox 1485 588 1608 627; x_wconf 88' lang='lat' dir='ltr'>donec</span> <span class='ocrx_word' id='word_1_63' title='bbox 1648 587 1787 626; x_wconf 90' lang='lat' dir='ltr'>Ovinia</span> 
     </span>
     <span class='ocr_line' id='line_1_9' title="bbox 91 646 1786 708; baseline 0.001 -13"><span class='ocrx_word' id='word_1_64' title='bbox 91 657 300 696; x_wconf 88' lang='lat' dir='ltr'>tribunicia</span> <span class='ocrx_word' id='word_1_65' title='bbox 331 656 562 703; x_wconf 88' lang='lat' dir='ltr'>intercessit,</span> <span class='ocrx_word' id='word_1_66' title='bbox 597 669 674 705; x_wconf 90' lang='lat' dir='ltr'>qua</span> <span class='ocrx_word' id='word_1_67' title='bbox 706 661 887 694; x_wconf 89' lang='lat' dir='ltr'>sanctum</span> <span class='ocrx_word' id='word_1_68' title='bbox 919 660 991 703; x_wconf 88' lang='lat' dir='ltr'>est,</span> <span class='ocrx_word' id='word_1_69' title='bbox 1024 660 1067 694; x_wconf 91' lang='lat' dir='ltr'>ut</span> <span class='ocrx_word' id='word_1_70' title='bbox 1098 668 1281 695; x_wconf 87' lang='lat' dir='ltr'>censores</span> <span class='ocrx_word' id='word_1_71' title='bbox 1313 669 1360 696; x_wconf 88' lang='lat' dir='ltr'>ex</span> <span class='ocrx_word' id='word_1_72' title='bbox 1392 657 1498 695; x_wconf 91' lang='lat' dir='ltr'>omni</span> <span class='ocrx_word' id='word_1_73' title='bbox 1525 658 1660 699; x_wconf 90' lang='lat' dir='ltr'>ordine</span> <span class='ocrx_word' id='word_1_74' title='bbox 1690 646 1786 708; x_wconf 87' lang='lat' dir='ltr'>opti-</span> 
     </span>
     <span class='ocr_line' id='line_1_10' title="bbox 90 722 1785 779; baseline 0 -12"><span class='ocrx_word' id='word_1_75' title='bbox 90 741 200 767; x_wconf 90' lang='lat' dir='ltr'>mum</span> <span class='ocrx_word' id='word_1_76' title='bbox 232 741 426 778; x_wconf 90' lang='lat' dir='ltr'>quemque</span> <span class='ocrx_word' id='word_1_77' title='bbox 446 726 561 766; x_wconf 86' lang='lat' dir='ltr'>iurati</span> <span class='ocrx_word' id='word_1_78' title='bbox 593 725 667 774; x_wconf 92' lang='lat' dir='ltr'>(sic</span> <span class='ocrx_word' id='word_1_79' title='bbox 684 722 894 779; x_wconf 90' lang='lat' dir='ltr'>Meyerus.)</span> <span class='ocrx_word' id='word_1_80' title='bbox 927 726 966 765; x_wconf 92' lang='lat' dir='ltr'>in</span> <span class='ocrx_word' id='word_1_81' title='bbox 990 731 1167 766; x_wconf 87' lang='lat' dir='ltr'>senatum</span> <span class='ocrx_word' id='word_1_82' title='bbox 1201 727 1392 777; x_wconf 88' lang='lat' dir='ltr'>legerent:</span> <span class='ocrx_word' id='word_1_83' title='bbox 1426 740 1503 778; x_wconf 90' lang='lat' dir='ltr'>quo</span> <span class='ocrx_word' id='word_1_84' title='bbox 1536 727 1681 767; x_wconf 87' lang='lat' dir='ltr'>factum</span> <span class='ocrx_word' id='word_1_85' title='bbox 1713 733 1785 776; x_wconf 87' lang='lat' dir='ltr'>est,</span> 
     </span>
     <span class='ocr_line' id='line_1_11' title="bbox 89 797 1784 849; baseline 0.001 -12"><span class='ocrx_word' id='word_1_86' title='bbox 89 804 132 837; x_wconf 90' lang='lat' dir='ltr'>ut</span> <span class='ocrx_word' id='word_1_87' title='bbox 164 799 230 849; x_wconf 91' lang='lat' dir='ltr'>qui</span> <span class='ocrx_word' id='word_1_88' title='bbox 262 798 458 848; x_wconf 89' lang='lat' dir='ltr'>praeteriti</span> <span class='ocrx_word' id='word_1_89' title='bbox 480 802 612 837; x_wconf 88' lang='lat' dir='ltr'>essent</span> <span class='ocrx_word' id='word_1_90' title='bbox 643 802 681 836; x_wconf 90' lang='lat' dir='ltr'>et</span> <span class='ocrx_word' id='word_1_91' title='bbox 710 798 797 836; x_wconf 91' lang='lat' dir='ltr'>loco</span> <span class='ocrx_word' id='word_1_92' title='bbox 819 797 927 844; x_wconf 90' lang='lat' dir='ltr'>moti,</span> <span class='ocrx_word' id='word_1_93' title='bbox 961 798 1199 837; x_wconf 86' lang='lat' dir='ltr'>haberentur</span> <span class='ocrx_word' id='word_1_94' title='bbox 1230 798 1491 847; x_wconf 82' lang='lat' dir='ltr'>ignominiosi.</span> <span class='ocrx_word' id='word_1_95' title='bbox 1525 800 1573 838; x_wconf 87' lang='lat' dir='ltr'>cf.</span> <span class='ocrx_word' id='word_1_96' title='bbox 1597 799 1726 849; x_wconf 77' lang='lat' dir='ltr'>Meyer</span> <span class='ocrx_word' id='word_1_97' title='bbox 1747 799 1784 838; x_wconf 89' lang='lat' dir='ltr'>in</span> 
     </span>
    </p>
   </div>
   <div class='ocr_carea' id='block_1_4' title="bbox 89 868 1716 1002">
    <p class='ocr_par' dir='ltr' id='par_1_4' title="bbox 89 868 1716 1002">
     <span class='ocr_line' id='line_1_12' title="bbox 89 868 1716 916; baseline 0.001 -7"><span class='ocrx_word' id='word_1_98' title='bbox 89 870 167 909; x_wconf 91' lang='lat' dir='ltr'>ind.</span> <span class='ocrx_word' id='word_1_99' title='bbox 192 870 277 909; x_wconf 87' lang='lat' dir='ltr'>lect.</span> <span class='ocrx_word' id='word_1_100' title='bbox 311 869 400 911; x_wconf 91' lang='lat' dir='ltr'>Hal.</span> <span class='ocrx_word' id='word_1_101' title='bbox 425 882 459 908; x_wconf 86' lang='lat' dir='ltr'>a.</span> <span class='ocrx_word' id='word_1_102' title='bbox 486 870 623 916; x_wconf 89' lang='lat'>1844;</span> <span class='ocrx_word' id='word_1_103' title='bbox 656 868 868 916; x_wconf 89' lang='lat' dir='ltr'>Hofmann‚</span> <span class='ocrx_word' id='word_1_104' title='bbox 901 869 970 907; x_wconf 89' lang='lat' dir='ltr'>der</span> <span class='ocrx_word' id='word_1_105' title='bbox 1000 868 1196 909; x_wconf 68' lang='lat' dir='ltr'>romische</span> <span class='ocrx_word' id='word_1_106' title='bbox 1228 869 1347 909; x_wconf 85' lang='lat' dir='ltr'>Senat</span> <span class='ocrx_word' id='word_1_107' title='bbox 1378 883 1427 912; x_wconf 85' lang='lat' dir='ltr'>W.</span> <span class='ocrx_word' id='word_1_108' title='bbox 1460 870 1497 911; x_wconf 91' lang='lat' dir='ltr'>d.</span> <span class='ocrx_word' id='word_1_109' title='bbox 1520 870 1566 910; x_wconf 91' lang='lat' dir='ltr'>R.</span> <span class='ocrx_word' id='word_1_110' title='bbox 1592 872 1716 912; x_wconf 87' lang='lat'>1847.</span> 
     </span>
     <span class='ocr_line' id='line_1_13' title="bbox 230 950 1605 1002; baseline 0.001 -11"><span class='ocrx_word' id='word_1_111' title='bbox 230 953 288 991; x_wconf 92' lang='lat' dir='ltr'>LI.</span> <span class='ocrx_word' id='word_1_112' title='bbox 315 954 411 993; x_wconf 86' lang='lat'>132.</span> <span class='ocrx_word' id='word_1_113' title='bbox 446 951 494 991; x_wconf 89' lang='lat' dir='ltr'>Si</span> <span class='ocrx_word' id='word_1_114' title='bbox 527 951 634 1002; x_wconf 90' lang='lat' dir='ltr'>quid</span> <span class='ocrx_word' id='word_1_115' title='bbox 668 950 963 991; x_wconf 84' lang='lat' dir='ltr'>deliberares</span> <span class='ocrx_word' id='word_1_116' title='bbox 1002 973 1047 978; x_wconf 93' lang='lat'>—</span> <span class='ocrx_word' id='word_1_117' title='bbox 1085 952 1309 992; x_wconf 90' lang='lat' dir='ltr'>instituto</span> <span class='ocrx_word' id='word_1_118' title='bbox 1341 953 1605 993; x_wconf 89' lang='lat' dir='ltr'>inchoares.</span> 
     </span>
    </p>
   </div>
   <div class='ocr_carea' id='block_1_5' title="bbox 87 1033 1789 1359">
    <p class='ocr_par' dir='ltr' id='par_1_5' title="bbox 87 1033 1789 1359">
     <span class='ocr_line' id='line_1_14' title="bbox 230 1033 1788 1085; baseline -0.001 -11"><span class='ocrx_word' id='word_1_119' title='bbox 230 1035 358 1074; x_wconf 91' lang='lat' dir='ltr'>Locus</span> <span class='ocrx_word' id='word_1_120' title='bbox 391 1033 738 1084; x_wconf 87' lang='lat' dir='ltr'>corruptissimus;</span> <span class='ocrx_word' id='word_1_121' title='bbox 771 1033 989 1073; x_wconf 83' lang='lat' dir='ltr'>maximam</span> <span class='ocrx_word' id='word_1_122' title='bbox 1022 1034 1337 1085; x_wconf 85' lang='lat' dir='ltr'>probabilitatem</span> <span class='ocrx_word' id='word_1_123' title='bbox 1374 1035 1490 1075; x_wconf 89' lang='lat' dir='ltr'>habet</span> <span class='ocrx_word' id='word_1_124' title='bbox 1521 1035 1668 1075; x_wconf 85' lang='lat' dir='ltr'>Halmii</span> <span class='ocrx_word' id='word_1_125' title='bbox 1700 1038 1788 1074; x_wconf 77' lang='lat' dir='ltr'>con2</span> 
     </span>
     <span class='ocr_line' id='line_1_15' title="bbox 87 1103 1788 1155; baseline -0.001 -11"><span class='ocrx_word' id='word_1_126' title='bbox 87 1107 246 1151; x_wconf 88' lang='lat' dir='ltr'>iectura,</span> <span class='ocrx_word' id='word_1_127' title='bbox 280 1117 381 1155; x_wconf 89' lang='lat' dir='ltr'>quae</span> <span class='ocrx_word' id='word_1_128' title='bbox 412 1108 471 1143; x_wconf 88' lang='lat' dir='ltr'>est</span> <span class='ocrx_word' id='word_1_129' title='bbox 502 1103 541 1142; x_wconf 92' lang='lat' dir='ltr'>in</span> <span class='ocrx_word' id='word_1_130' title='bbox 573 1108 725 1142; x_wconf 83' lang='lat' dir='ltr'>textum</span> <span class='ocrx_word' id='word_1_131' title='bbox 755 1103 999 1154; x_wconf 87' lang='lat' dir='ltr'>recipienda:</span> <span class='ocrx_word' id='word_1_132' title='bbox 1035 1104 1082 1142; x_wconf 86' lang='lat' dir='ltr'>Si</span> <span class='ocrx_word' id='word_1_133' title='bbox 1115 1105 1224 1154; x_wconf 88' lang='lat' dir='ltr'>quid</span> <span class='ocrx_word' id='word_1_134' title='bbox 1255 1105 1560 1152; x_wconf 85' lang='lat' dir='ltr'>deliberares,</span> <span class='ocrx_word' id='word_1_135' title='bbox 1608 1105 1647 1143; x_wconf 92' lang='lat' dir='ltr'>si</span> <span class='ocrx_word' id='word_1_136' title='bbox 1679 1105 1788 1155; x_wconf 90' lang='lat' dir='ltr'>quid</span> 
     </span>
     <span class='ocr_line' id='line_1_16' title="bbox 87 1174 1786 1226; baseline -0.001 -11"><span class='ocrx_word' id='word_1_137' title='bbox 87 1176 173 1215; x_wconf 92' lang='lat' dir='ltr'>tibi</span> <span class='ocrx_word' id='word_1_138' title='bbox 205 1179 285 1215; x_wconf 89' lang='lat' dir='ltr'>aut</span> <span class='ocrx_word' id='word_1_139' title='bbox 317 1175 539 1226; x_wconf 84' lang='lat' dir='ltr'>piandum</span> <span class='ocrx_word' id='word_1_140' title='bbox 571 1179 650 1213; x_wconf 88' lang='lat' dir='ltr'>aut</span> <span class='ocrx_word' id='word_1_141' title='bbox 681 1174 1028 1213; x_wconf 86' lang='lat' dir='ltr'>instituendum</span> <span class='ocrx_word' id='word_1_142' title='bbox 1057 1175 1230 1214; x_wconf 88' lang='lat' dir='ltr'>fuisset</span> <span class='ocrx_word' id='word_1_143' title='bbox 1261 1175 1492 1225; x_wconf 84' lang='lat' dir='ltr'>religione</span> <span class='ocrx_word' id='word_1_144' title='bbox 1513 1175 1786 1222; x_wconf 87' lang='lat' dir='ltr'>domestica,</span> 
     </span>
     <span class='ocr_line' id='line_1_17' title="bbox 88 1246 1789 1296; baseline -0.001 -9"><span class='ocrx_word' id='word_1_145' title='bbox 88 1260 214 1287; x_wconf 90' lang='lat' dir='ltr'>more</span> <span class='ocrx_word' id='word_1_146' title='bbox 245 1251 403 1285; x_wconf 88' lang='lat' dir='ltr'>vetere</span> <span class='ocrx_word' id='word_1_147' title='bbox 444 1247 499 1285; x_wconf 89' lang='lat' dir='ltr'>ad</span> <span class='ocrx_word' id='word_1_148' title='bbox 532 1246 811 1296; x_wconf 86' lang='lat' dir='ltr'>pontificem</span> <span class='ocrx_word' id='word_1_149' title='bbox 851 1247 1133 1286; x_wconf 86' lang='lat' dir='ltr'>detulisses:</span> <span class='ocrx_word' id='word_1_150' title='bbox 1176 1261 1298 1286; x_wconf 89' lang='lat' dir='ltr'>nunc</span> <span class='ocrx_word' id='word_1_151' title='bbox 1339 1260 1506 1286; x_wconf 89' lang='lat' dir='ltr'>novum</span> <span class='ocrx_word' id='word_1_152' title='bbox 1543 1247 1789 1286; x_wconf 90' lang='lat' dir='ltr'>delubrum</span> 
     </span>
     <span class='ocr_line' id='line_1_18' title="bbox 88 1316 1468 1359; baseline 0.002 -4"><span class='ocrx_word' id='word_1_153' title='bbox 88 1330 191 1356; x_wconf 90' lang='lat' dir='ltr'>cum</span> <span class='ocrx_word' id='word_1_154' title='bbox 223 1317 267 1356; x_wconf 93' lang='lat' dir='ltr'>in</span> <span class='ocrx_word' id='word_1_155' title='bbox 300 1317 431 1356; x_wconf 91' lang='lat' dir='ltr'>urbis</span> <span class='ocrx_word' id='word_1_156' title='bbox 464 1316 739 1356; x_wconf 86' lang='lat' dir='ltr'>clarissimo</span> <span class='ocrx_word' id='word_1_157' title='bbox 770 1318 874 1356; x_wconf 87' lang='lat' dir='ltr'>loco</span> <span class='ocrx_word' id='word_1_158' title='bbox 906 1317 1108 1357; x_wconf 88' lang='lat' dir='ltr'>nefando</span> <span class='ocrx_word' id='word_1_159' title='bbox 1141 1317 1363 1357; x_wconf 89' lang='lat' dir='ltr'>instituto</span> <span class='ocrx_word' id='word_1_160' title='bbox 1396 1322 1468 1359; x_wconf 86' lang='lat' dir='ltr'>cet.</span> 
     </span>
    </p>
   </div>
   <div class='ocr_carea' id='block_1_6' title="bbox 229 1400 1315 1461">
    <p class='ocr_par' dir='ltr' id='par_1_6' title="bbox 229 1400 1315 1461">
     <span class='ocr_line' id='line_1_19' title="bbox 229 1400 1315 1461; baseline 0.001 -22"><span class='ocrx_word' id='word_1_161' title='bbox 229 1401 305 1441; x_wconf 90' lang='lat' dir='ltr'>LII.</span> <span class='ocrx_word' id='word_1_162' title='bbox 333 1402 429 1441; x_wconf 84' lang='lat'>133.</span> <span class='ocrx_word' id='word_1_163' title='bbox 462 1400 508 1438; x_wconf 92' lang='lat' dir='ltr'>in</span> <span class='ocrx_word' id='word_1_164' title='bbox 540 1400 725 1461; x_wconf 83' lang='lat' dir='ltr'>patriae</span> <span class='ocrx_word' id='word_1_165' title='bbox 756 1400 1016 1450; x_wconf 89' lang='lat' dir='ltr'>parricidio</span> <span class='ocrx_word' id='word_1_166' title='bbox 1049 1406 1092 1440; x_wconf 86' lang='lat' dir='ltr'>et</span> <span class='ocrx_word' id='word_1_167' title='bbox 1123 1402 1315 1440; x_wconf 89' lang='lat' dir='ltr'>scelere.</span> 
     </span>
    </p>
   </div>
   <div class='ocr_carea' id='block_1_7' title="bbox 87 1481 1792 1946">
    <p class='ocr_par' dir='ltr' id='par_1_7' title="bbox 87 1481 1792 1946">
     <span class='ocr_line' id='line_1_20' title="bbox 230 1481 1790 1534; baseline -0.001 -12"><span class='ocrx_word' id='word_1_168' title='bbox 230 1481 331 1522; x_wconf 91' lang='lat' dir='ltr'>Cum</span> <span class='ocrx_word' id='word_1_169' title='bbox 364 1481 557 1522; x_wconf 87' lang='lat' dir='ltr'>sententia</span> <span class='ocrx_word' id='word_1_170' title='bbox 578 1482 740 1521; x_wconf 91' lang='lat' dir='ltr'>verbum</span> <span class='ocrx_word' id='word_1_171' title='bbox 763 1481 945 1533; x_wconf 84' lang='lat' dir='ltr'>postulet,</span> <span class='ocrx_word' id='word_1_172' title='bbox 978 1481 1158 1522; x_wconf 83' lang='lat' dir='ltr'>Baiterus</span> <span class='ocrx_word' id='word_1_173' title='bbox 1191 1483 1370 1534; x_wconf 84' lang='lat' dir='ltr'>scripsit:</span> <span class='ocrx_word' id='word_1_174' title='bbox 1404 1483 1448 1522; x_wconf 90' lang='lat' dir='ltr'>in</span> <span class='ocrx_word' id='word_1_175' title='bbox 1481 1483 1662 1534; x_wconf 86' lang='lat' dir='ltr'>patriae</span> <span class='ocrx_word' id='word_1_176' title='bbox 1695 1495 1790 1533; x_wconf 92' lang='lat' dir='ltr'>par-</span> 
     </span>
     <span class='ocr_line' id='line_1_21' title="bbox 88 1553 1791 1601; baseline -0.001 -10"><span class='ocrx_word' id='word_1_177' title='bbox 88 1554 257 1591; x_wconf 87' lang='lat' dir='ltr'>ricidio</span> <span class='ocrx_word' id='word_1_178' title='bbox 290 1553 543 1590; x_wconf 84' lang='lat' dir='ltr'>excellere.</span> <span class='ocrx_word' id='word_1_179' title='bbox 610 1553 687 1589; x_wconf 90' lang='lat' dir='ltr'>Sed</span> <span class='ocrx_word' id='word_1_180' title='bbox 718 1554 880 1590; x_wconf 87' lang='lat' dir='ltr'>verbum</span> <span class='ocrx_word' id='word_1_181' title='bbox 911 1553 1072 1591; x_wconf 87' lang='lat' dir='ltr'>maioris</span> <span class='ocrx_word' id='word_1_182' title='bbox 1114 1555 1314 1601; x_wconf 86' lang='lat' dir='ltr'>gravitatis</span> <span class='ocrx_word' id='word_1_183' title='bbox 1354 1554 1607 1592; x_wconf 88' lang='lat' dir='ltr'>desideratur.</span> <span class='ocrx_word' id='word_1_184' title='bbox 1670 1554 1791 1591; x_wconf 88' lang='lat' dir='ltr'>Multo</span> 
     </span>
     <span class='ocr_line' id='line_1_22' title="bbox 89 1621 1790 1675; baseline -0.001 -12"><span class='ocrx_word' id='word_1_185' title='bbox 89 1622 333 1675; x_wconf 87' lang='lat' dir='ltr'>probabilius</span> <span class='ocrx_word' id='word_1_186' title='bbox 354 1626 425 1671; x_wconf 87' lang='lat' dir='ltr'>est,</span> <span class='ocrx_word' id='word_1_187' title='bbox 450 1621 680 1662; x_wconf 90' lang='lat' dir='ltr'>Ciceronem</span> <span class='ocrx_word' id='word_1_188' title='bbox 702 1621 928 1673; x_wconf 88' lang='lat' dir='ltr'>scripsisse:</span> <span class='ocrx_word' id='word_1_189' title='bbox 962 1622 1001 1662; x_wconf 93' lang='lat' dir='ltr'>in</span> <span class='ocrx_word' id='word_1_190' title='bbox 1024 1622 1173 1674; x_wconf 87' lang='lat' dir='ltr'>patriae</span> <span class='ocrx_word' id='word_1_191' title='bbox 1195 1623 1402 1675; x_wconf 87' lang='lat' dir='ltr'>parricidio</span> <span class='ocrx_word' id='word_1_192' title='bbox 1434 1623 1685 1663; x_wconf 86' lang='lat' dir='ltr'>exsultare.</span> <span class='ocrx_word' id='word_1_193' title='bbox 1707 1621 1790 1671; x_wconf 91' lang='lat' dir='ltr'>(H.)</span> 
     </span>
     <span class='ocr_line' id='line_1_23' title="bbox 92 1693 1790 1743; baseline 0 -10"><span class='ocrx_word' id='word_1_194' title='bbox 92 1694 326 1733; x_wconf 84' lang='lat' dir='ltr'>Exsultandi</span> <span class='ocrx_word' id='word_1_195' title='bbox 349 1694 510 1731; x_wconf 87' lang='lat' dir='ltr'>verbum</span> <span class='ocrx_word' id='word_1_196' title='bbox 542 1694 646 1742; x_wconf 91' lang='lat' dir='ltr'>apud</span> <span class='ocrx_word' id='word_1_197' title='bbox 664 1693 744 1732; x_wconf 89' lang='lat' dir='ltr'>Cic.</span> <span class='ocrx_word' id='word_1_198' title='bbox 779 1705 869 1731; x_wconf 89' lang='lat' dir='ltr'>cum</span> <span class='ocrx_word' id='word_1_199' title='bbox 893 1693 987 1740; x_wconf 90' lang='lat' dir='ltr'>„in“</span> <span class='ocrx_word' id='word_1_200' title='bbox 1013 1695 1301 1743; x_wconf 88' lang='lat' dir='ltr'>praepositione</span> <span class='ocrx_word' id='word_1_201' title='bbox 1318 1695 1569 1733; x_wconf 86' lang='lat' dir='ltr'>coniunctum</span> <span class='ocrx_word' id='word_1_202' title='bbox 1592 1700 1651 1733; x_wconf 90' lang='lat' dir='ltr'>est</span> <span class='ocrx_word' id='word_1_203' title='bbox 1672 1695 1790 1733; x_wconf 87' lang='lat' dir='ltr'>etiam</span> 
     </span>
     <span class='ocr_line' id='line_1_24' title="bbox 89 1762 1791 1816; baseline -0.001 -12"><span class='ocrx_word' id='word_1_204' title='bbox 89 1779 159 1816; x_wconf 94' lang='lat' dir='ltr'>pro</span> <span class='ocrx_word' id='word_1_205' title='bbox 193 1763 376 1804; x_wconf 86' lang='lat' dir='ltr'>Cornelio</span> <span class='ocrx_word' id='word_1_206' title='bbox 408 1764 532 1804; x_wconf 90' lang='lat' dir='ltr'>Balbo</span> <span class='ocrx_word' id='word_1_207' title='bbox 565 1776 597 1802; x_wconf 93' lang='lat' dir='ltr'>c.</span> <span class='ocrx_word' id='word_1_208' title='bbox 623 1766 691 1811; x_wconf 87' lang='lat'>26,</span> <span class='ocrx_word' id='word_1_209' title='bbox 718 1766 793 1804; x_wconf 86' lang='lat'>59:</span> <span class='ocrx_word' id='word_1_210' title='bbox 843 1775 934 1802; x_wconf 93' lang='lat' dir='ltr'>non</span> <span class='ocrx_word' id='word_1_211' title='bbox 966 1764 1099 1803; x_wconf 91' lang='lat' dir='ltr'>modo</span> <span class='ocrx_word' id='word_1_212' title='bbox 1132 1777 1220 1804; x_wconf 88' lang='lat' dir='ltr'>non</span> <span class='ocrx_word' id='word_1_213' title='bbox 1253 1764 1515 1805; x_wconf 84' lang='lat' dir='ltr'>exsultavit</span> <span class='ocrx_word' id='word_1_214' title='bbox 1553 1763 1598 1803; x_wconf 92' lang='lat' dir='ltr'>in</span> <span class='ocrx_word' id='word_1_215' title='bbox 1639 1762 1791 1803; x_wconf 91' lang='lat' dir='ltr'>ruinis</span> 
     </span>
     <span class='ocr_line' id='line_1_25' title="bbox 87 1835 1792 1886; baseline -0.002 -11"><span class='ocrx_word' id='word_1_216' title='bbox 87 1836 289 1883; x_wconf 90' lang='lat' dir='ltr'>nostris,</span> <span class='ocrx_word' id='word_1_217' title='bbox 337 1840 373 1874; x_wconf 89' lang='lat' dir='ltr'>et</span> <span class='ocrx_word' id='word_1_218' title='bbox 405 1848 441 1885; x_wconf 93' lang='lat' dir='ltr'>p.</span> <span class='ocrx_word' id='word_1_219' title='bbox 477 1835 579 1873; x_wconf 89' lang='lat' dir='ltr'>Sest.</span> <span class='ocrx_word' id='word_1_220' title='bbox 613 1846 647 1874; x_wconf 84' lang='lat' dir='ltr'>o.</span> <span class='ocrx_word' id='word_1_221' title='bbox 679 1837 747 1881; x_wconf 91' lang='lat'>41,</span> <span class='ocrx_word' id='word_1_222' title='bbox 780 1836 855 1873; x_wconf 88' lang='lat'>88:</span> <span class='ocrx_word' id='word_1_223' title='bbox 901 1835 945 1872; x_wconf 90' lang='lat' dir='ltr'>in</span> <span class='ocrx_word' id='word_1_224' title='bbox 987 1835 1233 1874; x_wconf 88' lang='lat' dir='ltr'>funeribus</span> <span class='ocrx_word' id='word_1_225' title='bbox 1273 1836 1338 1874; x_wconf 91' lang='lat' dir='ltr'>rei</span> <span class='ocrx_word' id='word_1_226' title='bbox 1380 1835 1599 1886; x_wconf 88' lang='lat' dir='ltr'>publicae</span> <span class='ocrx_word' id='word_1_227' title='bbox 1636 1835 1792 1873; x_wconf 86' lang='lat' dir='ltr'>exsul-</span> 
     </span>
     <span class='ocr_line' id='line_1_26' title="bbox 87 1911 277 1946; baseline -0.005 0"><span class='ocrx_word' id='word_1_228' title='bbox 87 1911 277 1946; x_wconf 87' lang='lat' dir='ltr'>tantem.</span> 
     </span>
    </p>
   </div>
   <div class='ocr_carea' id='block_1_8' title="bbox 87 1988 1793 2251">
    <p class='ocr_par' dir='ltr' id='par_1_8' title="bbox 87 1988 1793 2251">
     <span class='ocr_line' id='line_1_27' title="bbox 230 1988 1790 2038; baseline 0.001 -12"><span class='ocrx_word' id='word_1_229' title='bbox 230 1989 323 2029; x_wconf 90' lang='lat' dir='ltr'>LIII.</span> <span class='ocrx_word' id='word_1_230' title='bbox 361 1990 457 2028; x_wconf 83' lang='lat'>136.</span> <span class='ocrx_word' id='word_1_231' title='bbox 513 1988 601 2026; x_wconf 90' lang='lat' dir='ltr'>Sed</span> <span class='ocrx_word' id='word_1_232' title='bbox 654 1993 701 2025; x_wconf 92' lang='lat' dir='ltr'>ut</span> <span class='ocrx_word' id='word_1_233' title='bbox 752 1993 963 2025; x_wconf 83' lang='lat' dir='ltr'>revertar</span> <span class='ocrx_word' id='word_1_234' title='bbox 1015 1989 1069 2026; x_wconf 88' lang='lat' dir='ltr'>ad</span> <span class='ocrx_word' id='word_1_235' title='bbox 1121 1989 1193 2027; x_wconf 92' lang='lat' dir='ltr'>ius</span> <span class='ocrx_word' id='word_1_236' title='bbox 1247 1990 1488 2038; x_wconf 89' lang='lat' dir='ltr'>publicum</span> <span class='ocrx_word' id='word_1_237' title='bbox 1535 1989 1790 2029; x_wconf 90' lang='lat' dir='ltr'>iudicandi.</span> 
     </span>
     <span class='ocr_line' id='line_1_28' title="bbox 87 2058 1789 2111; baseline 0.001 -12"><span class='ocrx_word' id='word_1_238' title='bbox 87 2060 219 2099; x_wconf 91' lang='lat' dir='ltr'>Lectio</span> <span class='ocrx_word' id='word_1_239' title='bbox 261 2059 526 2107; x_wconf 87' lang='lat' dir='ltr'>dedicandi,</span> <span class='ocrx_word' id='word_1_240' title='bbox 569 2071 690 2109; x_wconf 88' lang='lat' dir='ltr'>quam</span> <span class='ocrx_word' id='word_1_241' title='bbox 730 2059 815 2097; x_wconf 86' lang='lat' dir='ltr'>eod.</span> <span class='ocrx_word' id='word_1_242' title='bbox 847 2058 1044 2098; x_wconf 86' lang='lat' dir='ltr'>Mediceus</span> <span class='ocrx_word' id='word_1_243' title='bbox 1087 2060 1258 2110; x_wconf 86' lang='lat' dir='ltr'>praebet,</span> <span class='ocrx_word' id='word_1_244' title='bbox 1304 2065 1441 2100; x_wconf 90' lang='lat' dir='ltr'>contra</span> <span class='ocrx_word' id='word_1_245' title='bbox 1468 2061 1509 2109; x_wconf 93' lang='lat' dir='ltr'>P,</span> <span class='ocrx_word' id='word_1_246' title='bbox 1554 2061 1620 2111; x_wconf 92' lang='lat' dir='ltr'>qui</span> <span class='ocrx_word' id='word_1_247' title='bbox 1652 2061 1789 2100; x_wconf 89' lang='lat' dir='ltr'>habet:</span> 
     </span>
     <span class='ocr_line' id='line_1_29' title="bbox 87 2129 1793 2181; baseline -0.001 -11"><span class='ocrx_word' id='word_1_248' title='bbox 87 2130 350 2178; x_wconf 89' lang='lat' dir='ltr'>iudicandi,</span> <span class='ocrx_word' id='word_1_249' title='bbox 395 2130 597 2169; x_wconf 88' lang='lat' dir='ltr'>retinenda</span> <span class='ocrx_word' id='word_1_250' title='bbox 637 2134 718 2176; x_wconf 91' lang='lat' dir='ltr'>est;</span> <span class='ocrx_word' id='word_1_251' title='bbox 763 2142 856 2168; x_wconf 90' lang='lat' dir='ltr'>nam</span> <span class='ocrx_word' id='word_1_252' title='bbox 896 2129 937 2168; x_wconf 89' lang='lat' dir='ltr'>in</span> <span class='ocrx_word' id='word_1_253' title='bbox 968 2131 988 2176; x_wconf 70' lang='grc' dir='ltr'>ἓ</span> <span class='ocrx_word' id='word_1_254' title='bbox 1023 2132 1119 2171; x_wconf 90' lang='lat'>138.</span> <span class='ocrx_word' id='word_1_255' title='bbox 1164 2131 1354 2181; x_wconf 88' lang='lat' dir='ltr'>scriptum</span> <span class='ocrx_word' id='word_1_256' title='bbox 1399 2136 1477 2170; x_wconf 89' lang='lat' dir='ltr'>est:</span> <span class='ocrx_word' id='word_1_257' title='bbox 1524 2144 1642 2181; x_wconf 88' lang='lat' dir='ltr'>quae</span> <span class='ocrx_word' id='word_1_258' title='bbox 1686 2135 1793 2169; x_wconf 83' lang='lat' dir='ltr'>sunt</span> 
     </span>
     <span class='ocr_line' id='line_1_30' title="bbox 88 2200 1724 2251; baseline 0 -10"><span class='ocrx_word' id='word_1_259' title='bbox 88 2203 239 2241; x_wconf 89' lang='lat' dir='ltr'>adhuc</span> <span class='ocrx_word' id='word_1_260' title='bbox 272 2216 295 2240; x_wconf 92' lang='lat' dir='ltr'>a</span> <span class='ocrx_word' id='word_1_261' title='bbox 325 2214 395 2240; x_wconf 90' lang='lat' dir='ltr'>me</span> <span class='ocrx_word' id='word_1_262' title='bbox 426 2202 480 2239; x_wconf 91' lang='lat' dir='ltr'>de</span> <span class='ocrx_word' id='word_1_263' title='bbox 511 2202 613 2239; x_wconf 90' lang='lat' dir='ltr'>iure</span> <span class='ocrx_word' id='word_1_264' title='bbox 643 2200 894 2239; x_wconf 87' lang='lat' dir='ltr'>dedicandi</span> <span class='ocrx_word' id='word_1_265' title='bbox 926 2201 1184 2251; x_wconf 88' lang='lat' dir='ltr'>disputata.</span> <span class='ocrx_word' id='word_1_266' title='bbox 1218 2202 1261 2241; x_wconf 85' lang='lat' dir='ltr'>V.</span> <span class='ocrx_word' id='word_1_267' title='bbox 1296 2202 1516 2242; x_wconf 88' lang='lat' dir='ltr'>Manutium</span> <span class='ocrx_word' id='word_1_268' title='bbox 1548 2203 1597 2242; x_wconf 86' lang='lat' dir='ltr'>ad</span> <span class='ocrx_word' id='word_1_269' title='bbox 1627 2202 1665 2241; x_wconf 91' lang='lat' dir='ltr'>h.</span> <span class='ocrx_word' id='word_1_270' title='bbox 1699 2202 1724 2241; x_wconf 91' lang='lat' dir='ltr'>l.</span> 
     </span>
    </p>
   </div>
   <div class='ocr_carea' id='block_1_9' title="bbox 88 2281 1794 2687">
    <p class='ocr_par' dir='ltr' id='par_1_9' title="bbox 88 2281 1794 2687">
     <span class='ocr_line' id='line_1_31' title="bbox 231 2281 1792 2327; baseline 0.001 -6"><span class='ocrx_word' id='word_1_271' title='bbox 231 2283 322 2321; x_wconf 91' lang='lat' dir='ltr'>LIII.</span> <span class='ocrx_word' id='word_1_272' title='bbox 350 2285 445 2323; x_wconf 80' lang='grc'><strong>137.</strong></span> <span class='ocrx_word' id='word_1_273' title='bbox 478 2282 523 2321; x_wconf 91' lang='lat' dir='ltr'>in</span> <span class='ocrx_word' id='word_1_274' title='bbox 556 2282 579 2327; x_wconf 94' lang='lat'>†</span> <span class='ocrx_word' id='word_1_275' title='bbox 611 2281 744 2321; x_wconf 91' lang='lat' dir='ltr'>hisce</span> <span class='ocrx_word' id='word_1_276' title='bbox 774 2282 914 2321; x_wconf 89' lang='lat' dir='ltr'>rebus</span> <span class='ocrx_word' id='word_1_277' title='bbox 946 2287 994 2321; x_wconf 92' lang='lat' dir='ltr'>ut</span> <span class='ocrx_word' id='word_1_278' title='bbox 1025 2282 1070 2321; x_wconf 92' lang='lat' dir='ltr'>in</span> <span class='ocrx_word' id='word_1_279' title='bbox 1101 2283 1214 2322; x_wconf 91' lang='lat' dir='ltr'>urbe</span> <span class='ocrx_word' id='word_1_280' title='bbox 1237 2314 1245 2323; x_wconf 92' lang='lat'>.</span> <span class='ocrx_word' id='word_1_281' title='bbox 1272 2316 1280 2324; x_wconf 98' lang='lat'>.</span> <span class='ocrx_word' id='word_1_282' title='bbox 1307 2317 1314 2325; x_wconf 90' lang='lat'>.</span> <span class='ocrx_word' id='word_1_283' title='bbox 1339 2283 1494 2323; x_wconf 88' lang='lat' dir='ltr'>Codicis</span> <span class='ocrx_word' id='word_1_284' title='bbox 1526 2283 1692 2323; x_wconf 89' lang='lat' dir='ltr'>Parisini</span> <span class='ocrx_word' id='word_1_285' title='bbox 1717 2284 1792 2322; x_wconf 90' lang='lat' dir='ltr'>lec·</span> 
     </span>
     <span class='ocr_line' id='line_1_32' title="bbox 88 2352 1792 2405; baseline -0.001 -11"><span class='ocrx_word' id='word_1_286' title='bbox 88 2355 257 2394; x_wconf 88' lang='lat' dir='ltr'>tionem:</span> <span class='ocrx_word' id='word_1_287' title='bbox 303 2354 349 2393; x_wconf 93' lang='lat' dir='ltr'>in</span> <span class='ocrx_word' id='word_1_288' title='bbox 386 2353 520 2393; x_wconf 87' lang='lat' dir='ltr'>hisce</span> <span class='ocrx_word' id='word_1_289' title='bbox 551 2354 691 2392; x_wconf 92' lang='lat' dir='ltr'>rebus</span> <span class='ocrx_word' id='word_1_290' title='bbox 731 2358 779 2392; x_wconf 89' lang='lat' dir='ltr'>ut</span> <span class='ocrx_word' id='word_1_291' title='bbox 810 2352 855 2392; x_wconf 90' lang='lat' dir='ltr'>in</span> <span class='ocrx_word' id='word_1_292' title='bbox 895 2354 1056 2392; x_wconf 90' lang='lat' dir='ltr'>urbem</span> <span class='ocrx_word' id='word_1_293' title='bbox 1094 2354 1194 2393; x_wconf 84' lang='lat' dir='ltr'>suis</span> <span class='ocrx_word' id='word_1_294' title='bbox 1230 2354 1496 2403; x_wconf 88' lang='lat' dir='ltr'>laboribus,</span> <span class='ocrx_word' id='word_1_295' title='bbox 1539 2367 1640 2405; x_wconf 88' lang='lat' dir='ltr'>quae</span> <span class='ocrx_word' id='word_1_296' title='bbox 1672 2366 1792 2394; x_wconf 87' lang='lat' dir='ltr'>sensu</span> 
     </span>
     <span class='ocr_line' id='line_1_33' title="bbox 88 2422 1793 2478; baseline -0.001 -13"><span class='ocrx_word' id='word_1_297' title='bbox 88 2424 208 2474; x_wconf 69' lang='lat' dir='ltr'>caret,</span> <span class='ocrx_word' id='word_1_298' title='bbox 243 2425 395 2465; x_wconf 87' lang='lat' dir='ltr'>sanavit</span> <span class='ocrx_word' id='word_1_299' title='bbox 425 2424 646 2474; x_wconf 86' lang='lat' dir='ltr'>Madvigius</span> <span class='ocrx_word' id='word_1_300' title='bbox 677 2424 752 2465; x_wconf 90' lang='lat'>1.1.</span> <span class='ocrx_word' id='word_1_301' title='bbox 778 2428 803 2463; x_wconf 90' lang='lat' dir='ltr'>t.</span> <span class='ocrx_word' id='word_1_302' title='bbox 837 2424 880 2463; x_wconf 96' lang='lat' dir='ltr'>II.</span> <span class='ocrx_word' id='word_1_303' title='bbox 915 2437 952 2478; x_wconf 40' lang='lat' dir='ltr'>P.-</span> <span class='ocrx_word' id='word_1_304' title='bbox 979 2425 1063 2465; x_wconf 87' lang='lat'>224</span> <span class='ocrx_word' id='word_1_305' title='bbox 1095 2425 1192 2465; x_wconf 87' lang='lat' dir='ltr'>haec</span> <span class='ocrx_word' id='word_1_306' title='bbox 1225 2425 1422 2465; x_wconf 87' lang='lat' dir='ltr'>scribens:</span> <span class='ocrx_word' id='word_1_307' title='bbox 1467 2426 1512 2465; x_wconf 91' lang='lat' dir='ltr'>in</span> <span class='ocrx_word' id='word_1_308' title='bbox 1543 2424 1644 2464; x_wconf 88' lang='lat' dir='ltr'>eius</span> <span class='ocrx_word' id='word_1_309' title='bbox 1676 2422 1793 2464; x_wconf 89' lang='lat' dir='ltr'>civis</span> 
     </span>
     <span class='ocr_line' id='line_1_34' title="bbox 88 2494 1790 2546; baseline 0 -11"><span class='ocrx_word' id='word_1_310' title='bbox 88 2496 304 2544; x_wconf 84' lang='lat' dir='ltr'>aedibus,</span> <span class='ocrx_word' id='word_1_311' title='bbox 347 2495 425 2545; x_wconf 90' lang='lat' dir='ltr'>qui</span> <span class='ocrx_word' id='word_1_312' title='bbox 457 2495 620 2534; x_wconf 86' lang='lat' dir='ltr'>urbem</span> <span class='ocrx_word' id='word_1_313' title='bbox 652 2494 752 2533; x_wconf 89' lang='lat' dir='ltr'>suis</span> <span class='ocrx_word' id='word_1_314' title='bbox 784 2494 1046 2534; x_wconf 88' lang='lat' dir='ltr'>laboribus.</span> <span class='ocrx_word' id='word_1_315' title='bbox 1110 2496 1177 2543; x_wconf 88' lang='lat' dir='ltr'>Ea,</span> <span class='ocrx_word' id='word_1_316' title='bbox 1211 2509 1311 2546; x_wconf 88' lang='lat' dir='ltr'>quae</span> <span class='ocrx_word' id='word_1_317' title='bbox 1341 2495 1482 2535; x_wconf 87' lang='lat' dir='ltr'>deinde</span> <span class='ocrx_word' id='word_1_318' title='bbox 1512 2496 1669 2535; x_wconf 32' lang='lat' dir='ltr'>invcod.</span> <span class='ocrx_word' id='word_1_319' title='bbox 1702 2496 1790 2535; x_wconf 89' lang='lat' dir='ltr'>Par.</span> 
     </span>
     <span class='ocr_line' id='line_1_35' title="bbox 88 2565 1794 2617; baseline 0 -11"><span class='ocrx_word' id='word_1_320' title='bbox 88 2568 290 2617; x_wconf 86' lang='lat' dir='ltr'>leguntur:</span> <span class='ocrx_word' id='word_1_321' title='bbox 323 2567 379 2606; x_wconf 87' lang='lat' dir='ltr'>ab</span> <span class='ocrx_word' id='word_1_322' title='bbox 410 2565 657 2616; x_wconf 88' lang='lat' dir='ltr'>aequitum</span> <span class='ocrx_word' id='word_1_323' title='bbox 687 2569 797 2605; x_wconf 89' lang='lat' dir='ltr'>nota</span> <span class='ocrx_word' id='word_1_324' title='bbox 827 2565 1010 2604; x_wconf 92' lang='lat' dir='ltr'>doloris</span> <span class='ocrx_word' id='word_1_325' title='bbox 1042 2566 1171 2606; x_wconf 90' lang='lat' dir='ltr'>adhuc</span> <span class='ocrx_word' id='word_1_326' title='bbox 1201 2578 1282 2606; x_wconf 86' lang='lat' dir='ltr'>non</span> <span class='ocrx_word' id='word_1_327' title='bbox 1318 2570 1411 2606; x_wconf 86' lang='lat' dir='ltr'>sunt</span> <span class='ocrx_word' id='word_1_328' title='bbox 1441 2567 1668 2615; x_wconf 82' lang='lat' dir='ltr'>emendata3</span> <span class='ocrx_word' id='word_1_329' title='bbox 1699 2572 1794 2606; x_wconf 82' lang='lat' dir='ltr'>nam</span> 
     </span>
     <span class='ocr_line' id='line_1_36' title="bbox 88 2634 1794 2687; baseline 0 -11"><span class='ocrx_word' id='word_1_330' title='bbox 88 2650 190 2687; x_wconf 87' lang='lat' dir='ltr'>quae</span> <span class='ocrx_word' id='word_1_331' title='bbox 221 2637 336 2686; x_wconf 87' lang='lat' dir='ltr'>vulgo</span> <span class='ocrx_word' id='word_1_332' title='bbox 368 2637 564 2685; x_wconf 84' lang='lat' dir='ltr'>leguntur,</span> <span class='ocrx_word' id='word_1_333' title='bbox 598 2634 754 2684; x_wconf 87' lang='lat' dir='ltr'>longius</span> <span class='ocrx_word' id='word_1_334' title='bbox 786 2648 809 2674; x_wconf 90' lang='lat' dir='ltr'>a</span> <span class='ocrx_word' id='word_1_335' title='bbox 837 2636 948 2674; x_wconf 88' lang='lat' dir='ltr'>codd.</span> <span class='ocrx_word' id='word_1_336' title='bbox 973 2635 1169 2686; x_wconf 89' lang='lat' dir='ltr'>scriptura</span> <span class='ocrx_word' id='word_1_337' title='bbox 1199 2637 1396 2676; x_wconf 89' lang='lat' dir='ltr'>recedunt.</span> <span class='ocrx_word' id='word_1_338' title='bbox 1449 2636 1531 2686; x_wconf 85' lang='lat' dir='ltr'>Ego</span> <span class='ocrx_word' id='word_1_339' title='bbox 1561 2641 1693 2676; x_wconf 88' lang='lat' dir='ltr'>autem</span> <span class='ocrx_word' id='word_1_340' title='bbox 1713 2648 1794 2676; x_wconf 87' lang='lat' dir='ltr'>non</span> 
     </span>
    </p>
   </div>
   <div class='ocr_carea' id='block_1_10' title="bbox 88 2704 1799 2825">
    <p class='ocr_par' dir='ltr' id='par_1_10' title="bbox 88 2704 1878 2837">
     <span class='ocr_line' id='line_1_37' title="bbox 88 2704 1790 2760; baseline -0.002 -13"><span class='ocrx_word' id='word_1_341' title='bbox 88 2706 291 2754; x_wconf 81' lang='lat' dir='ltr'>existimo,</span> <span class='ocrx_word' id='word_1_342' title='bbox 333 2705 480 2756; x_wconf 90' lang='lat' dir='ltr'>requiri</span> <span class='ocrx_word' id='word_1_343' title='bbox 511 2717 730 2757; x_wconf 85' lang='lat' dir='ltr'>pronomen</span> <span class='ocrx_word' id='word_1_344' title='bbox 760 2710 910 2754; x_wconf 87' lang='lat' dir='ltr'>tuum,</span> <span class='ocrx_word' id='word_1_345' title='bbox 953 2707 1057 2757; x_wconf 92' lang='lat' dir='ltr'>quod</span> <span class='ocrx_word' id='word_1_346' title='bbox 1087 2706 1257 2760; x_wconf 88' lang='lat' dir='ltr'>Wolfius</span> <span class='ocrx_word' id='word_1_347' title='bbox 1298 2704 1498 2758; x_wconf 52' lang='lat' dir='ltr'>poposcit}</span> <span class='ocrx_word' id='word_1_348' title='bbox 1547 2705 1605 2746; x_wconf 90' lang='lat' dir='ltr'>sic</span> <span class='ocrx_word' id='word_1_349' title='bbox 1644 2710 1868 2752; x_wconf 75' lang='lat' dir='ltr'>vertas:</span> 
     </span>
     <span class='ocr_line' id='line_1_38' title="bbox 89 2775 1799 2825; baseline -0.002 -10"><span class='ocrx_word' id='word_1_350' title='bbox 89 2790 173 2816; x_wconf 89' lang='lat' dir='ltr'>was</span> <span class='ocrx_word' id='word_1_351' title='bbox 206 2778 259 2816; x_wconf 92' lang='lat' dir='ltr'>du</span> <span class='ocrx_word' id='word_1_352' title='bbox 290 2777 393 2816; x_wconf 90' lang='lat' dir='ltr'>nach</span> <span class='ocrx_word' id='word_1_353' title='bbox 424 2777 493 2817; x_wconf 88' lang='lat' dir='ltr'>der</span> <span class='ocrx_word' id='word_1_354' title='bbox 525 2775 559 2814; x_wconf 95' lang='lat' dir='ltr'>T</span> <span class='ocrx_word' id='word_1_355' title='bbox 562 2775 698 2825; x_wconf 84' lang='lat' dir='ltr'>ilgung</span> <span class='ocrx_word' id='word_1_356' title='bbox 728 2776 797 2814; x_wconf 91' lang='lat' dir='ltr'>des</span> <span class='ocrx_word' id='word_1_357' title='bbox 828 2775 1004 2820; x_wconf 84' lang='lat' dir='ltr'>Namens</span> <span class='ocrx_word' id='word_1_358' title='bbox 1035 2777 1115 2823; x_wconf 21' lang='lat' dir='ltr'>des,</span> <span class='ocrx_word' id='word_1_359' title='bbox 1138 2776 1302 2816; x_wconf 85' lang='lat' dir='ltr'>Catulus</span> <span class='ocrx_word' id='word_1_360' title='bbox 1341 2775 1414 2815; x_wconf 88' lang='lat' dir='ltr'>mit</span> <span class='ocrx_word' id='word_1_361' title='bbox 1444 2776 1551 2815; x_wconf 89' lang='lat' dir='ltr'>einer</span> <span class='ocrx_word' id='word_1_362' title='bbox 1581 2775 1799 2825; x_wconf 69' lang='lat' dir='ltr'>(eingegra·‘</span> 
     </span>
    </p>
   </div>
   <div class='ocr_carea' id='block_1_11' title="bbox 89 2845 1620 2900">
    <p class='ocr_par' dir='ltr' id='par_1_11' title="bbox 89 2845 1620 2900">
     <span class='ocr_line' id='line_1_39' title="bbox 89 2845 1620 2900; baseline -0.002 -12"><span class='ocrx_word' id='word_1_363' title='bbox 89 2845 233 2897; x_wconf 87' lang='lat' dir='ltr'>benen)</span> <span class='ocrx_word' id='word_1_364' title='bbox 264 2845 448 2887; x_wconf 85' lang='lat' dir='ltr'>Inschrift</span> <span class='ocrx_word' id='word_1_365' title='bbox 479 2845 669 2888; x_wconf 75' lang='lat' dir='ltr'>ver-seben</span> <span class='ocrx_word' id='word_1_366' title='bbox 700 2845 803 2889; x_wconf 76' lang='lat' dir='ltr'>hast.</span> <span class='ocrx_word' id='word_1_367' title='bbox 852 2846 902 2886; x_wconf 83' lang='lat' dir='ltr'>cf.</span> <span class='ocrx_word' id='word_1_368' title='bbox 934 2845 1218 2900; x_wconf 87' lang='lat' dir='ltr'>Naegelsbach,</span> <span class='ocrx_word' id='word_1_369' title='bbox 1252 2845 1419 2887; x_wconf 88' lang='lat' dir='ltr'>Stilistik</span> <span class='ocrx_word' id='word_1_370' title='bbox 1449 2858 1488 2897; x_wconf 87' lang='lat' dir='ltr'>p.</span> <span class='ocrx_word' id='word_1_371' title='bbox 1522 2845 1620 2886; x_wconf 87' lang='grc'><strong>297.</strong></span> 
     </span>
    </p>
   </div>
  </div>
 </body>
</html>
