1878 3020
71 177 308 230 vituperavit
338 184 407 219 aut
437 178 478 218 in
509 192 543 219 c.
575 178 664 219 XIX
695 180 717 226 ἓ
751 181 818 227 50,
855 179 923 218 ubi
953 178 1134 219 Ciceroni
1164 177 1326 218 verbum
1357 175 1525 230 simplex
1555 170 1699 233 „tarsae

68 248 109 287 in
151 253 326 288 mentem
368 248 498 288 venire
539 261 616 288 non
651 249 827 300 potuisse
863 252 985 299 putat,
1028 261 1120 288 cum
1156 248 1196 288 in
1236 249 1350 300 epist.
1383 249 1432 289 ad
1462 248 1555 291 fam.
1582 248 1627 299 11,
1651 249 1729 312 1 ἑ

68 319 264 369 scriptum
304 319 375 358 sit:
417 320 501 367 „De
533 320 679 370 praeda
715 333 869 358 mea..
928 320 1182 358 t.eruncium
1218 333 1290 359 nec
1321 319 1448 369 attigit
1484 332 1555 358 nec
1591 315 1770 363 tacturus

68 393 129 428 est
173 389 398 440 quisquam.
405 389 428 408 “
466 385 567 428 Sed
609 389 711 428 hanc
754 349 948 428 rationem
992 388 1025 427 si
1065 401 1331 439 sequeremur,
1376 389 1508 429 nullus
1548 389 1629 430 fere
1671 388 1771 432 liber

69 460 256 511 antiquus
290 465 527 511 superesset,
561 460 655 510 quin
686 459 918 498 subditicius
950 459 1172 501 haberetur.

214 531 303 569 Non
324 530 455 569 minus
489 543 672 580 perversa
703 530 853 568 ratione
874 534 1058 574 uteretur,
1091 529 1125 568 si
1147 529 1234 580 quis
1266 529 1377 569 hanc
1399 531 1616 570 orationem
1638 530 1730 570 Tull

71 603 290 650 derogaret,
325 600 458 650 quod‘
449 613 488 638 1n
521 612 608 650 cap.
631 599 789 638 XXXIII
821 600 919 646 §89
953 612 1031 638 non
1063 599 1195 638 omnia
1226 601 1275 638 ad
1306 600 1500 639 amussim
1521 601 1795 653 eonveniu1it,{>

69 671 173 710 Nam
211 683 451 720 quamquam
491 669 635 708 locutio
687 669 972 719 „impelluntur
1009 674 1144 719 optent
1185 669 1355 719 quotidie
1395 670 1555 708 caedem
1591 670 1794 720 incendia„

71 740 259 791 rapinas“
300 740 366 787 iis,
409 739 476 789 qui
514 752 672 778 omnem
710 734 962 787 sententiam,
1007 752 1123 778 omne
1159 739 1320 778 verbum
1365 739 1405 778 in
1445 739 1619 789 legendis
1659 739 1792 790 libris»

72 809 254 860 religiose
275 811 496 856 observant,
529 809 695 847 ridicula
715 809 877 856 videtur,
911 808 979 848 tali
1011 804 1305 851 ἀνακολουθίας
1326 809 1456 859 specie
1486 809 1526 847 in
1555 790 1802 853 vehementi-‘-i

75 879 265 919 orationis
287 892 428 929 genere
459 878 699 918 audientium
732 878 886 918 animos
913 892 993 917 non
1025 878 1167 917 offendi
1200 878 1295 918 satis
1327 884 1501 930 apparet.
1543 879 1770 919 sexcenties

75 964 165 989 cum
188 950 375 989 attentius
398 950 588 999 legebam,
622 949 661 988 in
683 962 832 997 eorum,
867 949 932 999 qui
953 949 1203 988 disertissimi
1224 955 1382 989 nostrae
1403 950 1541 989 aetatis
1564 950 1768 999 habentur,
1801 942 1870 1007 j}

73 1020 315 1060 orationibus
354 1009 448 1059 talia
488 1019 737 1070 deprehendi.
806 1019 977 1058 Verbum
1016 1019 1285 1069 frequentandi
1322 1021 1459 1059 eodem
1498 1034 1616 1060 sensu
1654 1017 1771 1071 atque
1821 1006 1873 1060 ’ἶ

73 1092 111 1130 in
156 1092 231 1129 hac
269 1092 290 1137 ἓ
323 1090 441 1128 etiam
478 1090 518 1127 in
551 1089 632 1128 Cat.
674 1089 722 1127 IV
759 1091 779 1135 ἓ
815 1092 868 1130 15
910 1089 984 1138 legi
1023 1089 1101 1127 iam
1140 1089 1327 1128 Graevius
1366 1103 1438 1128 suo
1476 1090 1558 1129 iure
1597 1090 1768 1138 monuit3

73 1175 193 1212 quare
225 1160 367 1199 erravit
387 1160 571 1207 Wolfius,
605 1159 671 1210 qui
703 1159 782 1198 illic
814 1159 947 1198 nescio
980 1159 1071 1209 quid
1103 1159 1208 1198 aliud
1240 1159 1370 1198 inesse
1400 1160 1594 1200 iudicavit.

217 1231 347 1270 Etiam
390 1230 430 1268 in
462 1242 495 1268 c.
529 1229 670 1268 XXXV
701 1230 722 1276 ξ
757 1233 812 1270 94
844 1241 921 1267 non
953 1229 1086 1267 omnia
1116 1228 1289 1279 expolita
1320 1234 1411 1268 sunt
1442 1234 1479 1269 et
1510 1230 1781 1280 splendentia.-

73 1303 124 1341 At
157 1314 258 1352 quae
290 1300 492 1340 Ciceronis
525 1300 650 1339 oratio
683 1300 798 1350 plane
830 1304 935 1338 caret
966 1299 1115 1338 levibus
1146 1299 1325 1339 mendis?
1386 1300 1472 1339 Hoc
1504 1314 1659 1352 quoque
1688 1302 1772 1341 leve

73 1373 260 1410 mendum
293 1376 365 1419 est,
399 1370 503 1421 quod
527 1370 794 1417 Marklandus,
828 1369 1045 1416 Ernestius‚
1077 1369 1246 1408 Wolfius
1277 1370 1632 1420 deprehenderunt:
1665 1371 1770 1412 illius

73 1442 327 1492 pulcherrimi
345 1441 438 1480 facti
460 1441 563 1490 quod
578 1439 811 1489 gessissem3
834 1439 959 1477 infra'
950 1453 989 1477 in
1007 1440 1028 1485 ἓ
1047 1443 1100 1479 95
1116 1440 1287 1489 positum
1309 1446 1389 1480 est:
1413 1454 1476 1480 res
1493 1442 1768 1491 pulcherrima.

73 1512 246 1551 Facilius
269 1516 402 1550 autem
432 1509 529 1548 mihi
560 1509 628 1548 illa
659 1509 804 1547 locutio
828 1509 985 1548 ferenda
1016 1521 1104 1547 esse
1130 1509 1291 1557 videtur,
1325 1511 1430 1560 quod
1462 1510 1769 1561 „pulcherrimi“

72 1582 307 1620 adiectivum
349 1586 440 1619 ante
472 1579 676 1627 ,‚factum“
720 1579 893 1629 positum
924 1584 994 1626 est,
1035 1592 1111 1628 quo
1144 1580 1197 1626 fit,
1241 1585 1283 1617 ut
1315 1581 1517 1627 ,‚factum“
1550 1582 1681 1620 minus
1719 1582 1770 1621 sit

73 1651 345 1702 conspicuum.
420 1648 654 1697 ,‚Retinere“
697 1653 840 1696 autem,
883 1649 986 1698 quod
1018 1648 1121 1686 idem
1160 1649 1261 1687 valet
1293 1654 1409 1699 atque
1449 1662 1680 1690 conservare
1710 1650 1769 1690 vel

77 1722 273 1761 sustinere
309 1721 376 1768 (cf.
410 1733 443 1759 c,
469 1723 493 1761 2
527 1721 616 1766 §3:
667 1719 896 1768 dignitatem
927 1718 1163 1769 reipublicae
1204 1719 1413 1767 sustinent)
1455 1726 1559 1760 recte
1597 1721 1770 1772 positum

73 1797 145 1831 est.
217 1791 319 1829 Nam
361 1790 527 1839 legimus
566 1789 604 1827 in
637 1789 743 1828 Verr.
768 1788 810 1836 ΙΙ,
836 1791 874 1836 3,
900 1790 976 1829 14:
1027 1788 1176 1838 equites
1214 1788 1400 1838 Romani,
1447 1790 1513 1841 qui
1553 1804 1671 1829 suum
1707 1791 1769 1830 ius
1812 1786 1816 1791 ’

72 1862 240 1900 retinere
278 1874 320 1899 se
352 1865 488 1899 contra
518 1859 737 1909 Apronium
777 1849 895 1909 posse
925 1864 1035 1897 erant
1066 1858 1242 1897 arbitrati
1273 1864 1311 1897 et
1347 1860 1394 1898 de
1425 1860 1583 1900 divinat.
1625 1861 1668 1908 ΙΙ,
1693 1864 1767 1902 35:

73 1931 256 1970 existimo
278 1931 339 1968 ius
372 1942 577 1979 augurum,
610 1928 684 1968 etsi
706 1928 955 1967 divinationis
986 1928 1169 1978 opinione
1201 1929 1392 1979 principio
1415 1931 1672 1970 constitutum
1705 1931 1768 1979 sit,

1856 2042 1862 2055 ⁴
1850 1801 1878 2001 „au'125u2'5h542k
1863 1766 1875 1779 s.
1852 1656 1878 1731 :¹:12'
1863 1600 1878 1621 ¹.

72 2007 205 2041 tamen
237 2005 376 2052 postea
406 1995 644 2050 reipublicae
675 2011 796 2038 causa
829 2003 1103 2038 conservatum
1135 2012 1181 2038 ac
1212 2003 1418 2039 retentum.

216 2071 296 2112 Cur
326 2070 497 2110 Wolfius
529 2070 661 2109 locum
699 2070 749 2118 (c.
782 2069 940 2109 XXXIV
971 2070 992 2117 ἓ
1025 2068 1098 2117 92)
1137 2082 1245 2118 „non
1275 2074 1356 2110 tam
1387 2071 1561 2111 insolens
1593 2084 1683 2112 sum
1719 2092 1765 2099 —

73 2142 226 2182 sivisti“
270 2141 568 2193 putidissimum
607 2140 760 2188 dixerit,
802 2152 882 2179 non
918 2140 1114 2190 intellego.
1183 2140 1272 2179 Non
1308 2141 1575 2198 excusatione,
1619 2142 1772 2199 sed3ex⁴
1799 2186 1805 2193 ,ἲ
1824 2129 1864 2199 ’ᾖ

73 2213 291 2264 plicatione
319 2216 417 2262 eget.
494 2210 559 2250 Sic
603 2197 736 2250 autem
782 2209 1012 2250 vertendum
1061 2215 1140 2250 est:
1185 2210 1310 2259 „Dass
1353 2211 1418 2250 ich
1461 2224 1572 2261 sage,
1614 2210 1679 2251 ich
1714 2210 1772 2263 sei
1843 2200 1866 2242 ἓ(

71 2282 263 2334 Juppiter,
304 2280 428 2321 damit
456 2280 526 2320 bin
545 2274 625 2319 'ich
655 2279 764 2319 nicht
795 2291 840 2319 so
870 2272 1174 2328 unverschamt,
1200 2280 1261 2320 als
1291 2279 1356 2320 ich
1381 2280 1499 2329 datin
1536 2280 1665 2335 meine
1683 2272 1790 2337 Πέίξ.
1855 2265 1861 2273 ’

72 2351 301 2393 wissenheit
320 2351 439 2401 zeige,
470 2363 587 2390 wenn
606 2349 671 2389 ich
691 2350 843 2400 glaube,
871 2349 1045 2391 Minerva
1064 2349 1122 2390 sei
1141 2349 1205 2402 die
1220 2346 1442 2391 Schwester
1454 2348 1537 2394 des
1546 2348 1740 2417 Juppiter

21 2448 31 2455 ιι
71 2423 193 2465 Recte
212 2421 271 2469 sic
300 2419 491 2485 explicuit
510 2407 735 2471 Ernestius.
766 2419 936 2462 Clodius
956 2419 1218 2467 lnsolentiam
1248 2405 1455 2477 obiecerat,
1523 2421 1547 2430 “’

72 2506 200 2554 magis
214 2487 267 2533 sse
295 2489 500 2533 indoctum
518 2489 643 2540 dicit
653 2489 771 2544 quod
776 2481 1003 2532 fimes-vam
1024 2492 1218 2534 sororem
1229 2492 1346 2555 sum
