1878 3020
792 90 844 98 -
909 32 1139 111 43..

1785 167 1829 192 “5-

87 186 213 228 ditum
245 192 316 241 est.
382 187 459 228 Sed
489 187 571 228 iam
591 187 767 229 Generus
789 188 1023 240 Dionysium
1052 188 1093 228 in
1124 192 1279 228 tantum
1298 200 1433 228 verum
1463 178 1592 229 dicere
1617 177 1876 240 πιοῑιὶιίί,·νέ“ζὲῗζ-

88 263 284 310 quatenus
305 258 510 310 pontifices
532 259 723 299 rationem
740 265 969 310 cogerentur
991 259 1187 299 ordinarie
1208 260 1368 300 reddere
1389 272 1551 299 suarum
1571 250 1784 307 actionum,
1799 250 1801 253 ¹
1816 258 1878 318 ξ

89 329 384 370 sententiarum.
447 330 504 369 De
544 334 736 382 potestate
772 335 902 369 autem
933 334 980 370 tr.
1011 330 1064 381 pl.
1094 330 1228 370 confer
1248 329 1481 379 Mommsen,
1514 333 1611 369 rom.
1638 328 1785 369 Staats·
1831 327 1852 331 ”

88 401 211 449 recht,
243 401 258 439 1
281 415 318 452 p.
343 405 398 442 26
420 406 553 441 annot.
580 404 623 448 1;
656 401 686 439 11
708 415 745 451 p.
770 404 824 442 20
846 406 980 440 annot.
1005 404 1042 441 5.
1859 398 1863 406 ⁷

231 483 308 522 Tot
340 483 533 522 similibus
565 483 774 530 erroribus,
809 483 874 533 qui
905 482 945 521 in
975 482 1050 522 hac
1078 482 1255 522 oratione
1285 483 1639 534 deprehendantur,
1662 482 1785 522 Mark-

89 553 231 608 landus
272 552 311 592 id
352 565 506 603 quoque
541 552 765 591 addendum
803 564 892 591 esse
929 556 1058 603 putat,
1102 552 1206 603 quod
1236 564 1315 591 uno
1357 556 1533 604 tempore
1564 557 1600 592 et
1632 552 1788 593 foedera
1836 554 1878 603 “J''

90 611 378 675 provinciarum
418 624 496 663 icta
526 629 564 662 et
594 624 720 673 legem
751 624 799 662 de
831 623 1018 663 Cicerone
1050 623 1240 673 scriptam
1271 637 1359 663 esse
1395 624 1434 663 in
1467 637 1500 663 c.
1524 625 1554 663 L
1576 626 1597 671 ἓ
1622 627 1703 665 139
1736 624 1786 663 le·

89 694 231 744 gimus.
294 694 381 733 Non
413 693 563 746 primus
596 693 660 732 ille
690 692 765 732 hoc
797 693 962 742 notavit3
1007 694 1075 733 sed
1111 693 1190 733 iam
1222 693 1409 734 Graevius
1450 707 1540 734 cum
1572 694 1714 734 Pisone
1750 698 1788 735 et

89 767 253 806 Gabinio
285 766 513 805 consulibus
545 770 684 804 antea
707 765 887 804 Clodium
919 766 967 804 de
1000 765 1199 816 provincia
1220 766 1448 806 Macedonia
1469 771 1507 805 et
1529 766 1641 816 Syria
1662 771 1788 806 trans-

88 835 216 886 egisse
257 836 427 886 putavit;
470 835 539 874 sed
579 834 670 874 licet
710 840 794 874 tum
831 835 991 874 demum
1029 848 1120 874 cum
1156 835 1233 874 illis
1273 836 1503 884 decidisset,
1546 841 1678 875 tamen
1713 836 1788 876 hoc
1853 867 1856 870 »

88 919 167 945 non
198 919 286 945 esse
317 907 473 945 foedera
504 905 793 956 provinciarum
825 906 950 944 ferire.
1015 906 1123 944 Haec
1145 906 1346 948 Graevius.
1408 906 1459 945 At
1491 907 1571 944 sive
1601 905 1788 945 locutioni

89 977 273 1026 „foedera
304 976 569 1017 feriebantur“
602 990 648 1016 ea
678 976 737 1015 vis
770 976 946 1016 subiecta
977 982 1048 1025 est,
1083 991 1160 1028 qua
1192 976 1421 1023 consulibus
1452 975 1537 1026 leg‘e
1569 967 1807 1030 p⁴i·ovinciasv

86 1049 200 1087 datas
232 1061 320 1086 esse
360 1053 398 1086 et
430 1048 632 1086 tribunum
665 1047 717 1096 pl.
741 1059 832 1084 cum
864 1046 1093 1085 consulibus
1125 1046 1317 1085 decidisse
1355 1046 1566 1095 significat,
1608 1046 1688 1085 sive
1728 1059 1786 1093 ea,

86 1133 165 1169 qua
197 1118 379 1158 Clodium
411 1123 448 1158 et
480 1119 664 1158 consules
696 1117 744 1156 de
776 1116 964 1157 Cicerone
996 1122 1034 1156 et
1064 1118 1112 1156 de
1144 1116 1353 1168 provinciis
1387 1116 1607 1167 pactionem
1648 1116 1788 1155 fecisse

87 1188 192 1236 dicit,
227 1189 364 1228 Cicero
403 1194 507 1227 recte
544 1189 673 1227 dicere
705 1187 831 1238 potuit
862 1201 968 1235 „uno
1006 1186 1209 1237 tempore“
1250 1186 1383 1225 omnia
1413 1199 1501 1225 esse
1533 1186 1655 1233 facta3
1694 1198 1787 1225 nam

86 1259 167 1298 sive
198 1259 266 1298 illa
296 1259 355 1298 vis
388 1263 598 1309 spectatur,
632 1272 655 1297 a
687 1257 823 1297 Clodio
855 1258 1019 1296 eodem
1052 1257 1125 1305 die,
1159 1270 1236 1307 quo
1267 1256 1403 1296 Cicero
1434 1257 1561 1296 Roma
1591 1256 1785 1304 discessit,

85 1331 183 1369 duas
216 1343 305 1369 esse
335 1330 441 1379 leges
475 1329 758 1380 promulgatas,
791 1341 913 1367 unam
944 1328 991 1367 de
1023 1326 1233 1378 provinciis
1264 1328 1495 1375 consulum,
1538 1328 1701 1366 alteram
1737 1328 1786 1367 de

87 1399 258 1449 pernicie
296 1399 496 1438 Ciceronis
536 1399 585 1446 (v,
615 1399 840 1445 Drumann‚
875 1411 912 1448 p.
938 1400 1035 1439 257.
1066 1397 1166 1436 Sest.
1200 1409 1233 1438 c.
1257 1397 1310 1444 X)
1350 1401 1523 1444 constat3
1563 1397 1643 1436 sive
1682 1397 1785 1436 hanc

85 1474 264 1520 spectare
296 1469 400 1517 libet,
434 1469 539 1508 haud
566 1469 689 1508 multo
720 1472 809 1520 post
831 1468 1053 1519 pactionem
1084 1467 1228 1506 factam
1259 1466 1395 1518 (quam
1416 1481 1552 1507 mense
1573 1467 1784 1507 Februario

85 1545 152 1578 aut
182 1540 322 1578 Martio
353 1540 498 1578 factam
530 1552 618 1577 esse
647 1537 976 1576 verisimillimum
1007 1534 1084 1587 est)
1117 1537 1253 1575 Cicero
1293 1537 1330 1575 in
1363 1537 1545 1576 exsilium
1587 1538 1785 1588 profectus

79 1615 144 1649 est
175 1623 310 1649 mense
341 1609 480 1649 Martio
512 1614 687 1649 extremo
721 1609 780 1657 (V.
805 1609 938 1657 Orelli,
972 1613 1167 1648 onomast.
1190 1609 1293 1649 Tull.
1317 1609 1343 1657 Ι,
1377 1623 1415 1660 p.
1441 1608 1531 1657 62),
1573 1614 1617 1648 ut
1647 1623 1696 1649 ne
1728 1609 1782 1649 ita

85 1679 242 1730 quidem
273 1693 446 1719 errorem
477 1680 767 1730 deprehendere
798 1679 1012 1730 possimus.
1047 1679 1094 1718 cf.
1118 1679 1334 1726 Drumann‚
1359 1679 1401 1727 ΙΙ,
1427 1682 1509 1720 260
1542 1693 1633 1718 ann.
1660 1681 1697 1720 7.

226 1760 287 1799 Ad
324 1773 357 1799 c.
387 1761 458 1799 XX
496 1762 517 1807 ἓ
552 1764 604 1801 53
645 1761 811 1800 Wolfius
853 1760 1053 1799 annotavit
1092 1761 1205 1799 haec:
1252 1760 1325 1799 Vix
1366 1761 1528 1800 dubium
1569 1767 1646 1809 est,
1689 1761 1782 1812 quin

83 1830 230 1869 falsum
268 1835 305 1869 et
345 1830 663 1869 commenticium
704 1830 766 1877 sit,
807 1831 911 1880 quod
942 1829 1057 1880 vulga
1089 1832 1299 1871 accredunt
1337 1831 1427 1870 huic
1465 1832 1532 1871 uni
1562 1831 1782 1872 auctoritati

83 1901 209 1949 legem
241 1900 453 1940 Caeciliam
492 1906 530 1940 et
561 1901 713 1940 Didiam
757 1901 822 1949 (cf.
856 1914 889 1939 c.
922 1900 1022 1947 XVI)
1064 1914 1141 1939 non
1182 1903 1298 1941 modo
1336 1902 1604 1941 trinundinum
1642 1903 1783 1942 consti-

82 1970 216 2018 tuisse,
260 1972 328 2010 sed
369 1985 416 2010 ea
452 1972 527 2011 hoc
565 1985 720 2023 quoque
759 1977 919 2010 cautum
960 1972 1094 2020 fuisse,
1136 1985 1187 2010 ne
1224 1973 1271 2011 de
1303 1972 1466 2012 diversis
1497 1974 1614 2013 rebus
1645 1974 1782 2013 eadem

81 2040 284 2089 rogatione
315 2041 490 2080 ferretur.
540 2041 627 2080 Non
659 2042 763 2080 enim
795 2041 979 2080 credibile
999 2047 1071 2089 est,
1105 2042 1194 2081 talis
1227 2042 1323 2091 legis
1351 2043 1507 2091 latores,
1542 2056 1643 2094 quae
1673 2056 1783 2094 roga·

83 2111 231 2150 tionem
263 2111 442 2162 pluribus
473 2113 591 2152 rebus
614 2112 821 2162 iungendis
853 2113 936 2152 fieri
956 2117 1114 2161 vetaret,
1137 2112 1246 2163 ipsos
1278 2112 1428 2164 primos
1450 2115 1674 2164 exemplum
1695 2128 1781 2165 pro-

80 2182 172 2221 dere
202 2182 386 2222 voluisse.
452 2183 529 2222 Sed
560 2196 624 2222 res
655 2183 889 2222 difficillima
919 2187 980 2222 est
1010 2183 1157 2234 aliquid
1188 2188 1339 2222 certum
1371 2188 1554 2232 statuere,
1595 2184 1782 2235 quoniam

80 2253 128 2292 de
159 2252 257 2302 legis
290 2252 484 2292 Caeciliae
515 2254 650 2293 Didiae
659 2251 690 2301 ¹)
723 2253 845 2294 altero
876 2253 1004 2305 capite
1036 2254 1131 2302 („ne
1161 2253 1311 2303 rogatio
1343 2254 1520 2304 pluribus
1551 2255 1678 2294 verbis
1699 2255 1782 2294 iun-

81 2323 217 2373 gendis
250 2323 405 2371 fieret“)
442 2324 539 2364 nihil
577 2338 749 2377 usquam
789 2325 866 2365 nisi
896 2326 972 2366 hoc
1003 2326 1090 2366 loco
1122 2326 1314 2378 scriptum
1344 2331 1416 2366 est.
1479 2327 1532 2367 Ut
1561 2326 1790 2368 difficultati·
1865 2362 1872 2366 ,

79 2395 340 2443 mederentur,
382 2395 581 2435 Manutius
620 2393 687 2449 (ad
719 2397 822 2437 Sest.
855 2410 889 2438 c.
923 2396 997 2444 64)
1037 2402 1076 2436 et
1113 2397 1368 2437 Drumannus
1411 2397 1471 2446 (ΙΙ.
1504 2411 1543 2449 p.
1578 2397 1649 2446 24)
1680 2399 1780 2440 duas
1832 2420 1838 2424 ·
1876 2386 1878 2388 Ι

12 2457 15 2459 ’
79 2465 202 2504 fuisse
223 2466 329 2515 leges
359 2470 593 2515 statuerunt,
624 2480 746 2507 unam
765 2467 1068 2508 trinundinum
1057 2481 1098 2507 m
1118 2468 1203 2518 lege
1224 2468 1371 2508 servari
1390 2468 1569 2518 iussisse,
1601 2469 1778 2519 alteram,

79 2535 158 2575 alia
188 2536 236 2575 de
266 2548 309 2575 re
339 2536 474 2584 latam,
508 2536 662 2576 diversa
691 2549 814 2577 unam
843 2536 883 2577 in
914 2537 1043 2587 legem
1072 2537 1262 2578 inculcari
1292 2538 1475 2579 vetuisse.
1538 2538 1629 2579 Sed
1653 2539 1780 2601 magis
1818 2546 1868 2565 ⁴

80 2605 329 2656 probandum
359 2606 524 2656 videtur,
564 2607 668 2704 quod
699 2606 883 2648 Bardtius
915 2607 1067 2657 statuit,
1105 2621 1227 2649 unam
1249 2608 1401 2658 fuisse,
1442 2623 1534 2661 qua,
1576 2620 1702 2662 quae
1709 2598 1878 2654 τοσῖ]

44 2758 48 2760 »
222 2741 253 2788 ι)
280 2744 364 2780 0211
388 2744 513 2787 uarat,
537 2722 611 2780 zu}
632 2743 692 2789 ιρι
716 2744 871 2782 caecina
893 2745 1000 2800 Did-¹³
1023 2748 1080 2782 oet
1104 2716 1279 2829 (Heraia
1294 2745 1357 2790 1x,
1382 2745 1494 2817 305),
1514 2745 1568 2784 1..
1592 2742 1733 2794 Lange
1728 2720 1818 2798 ξιξὲ

81 2813 175 2838 mus.
200 2803 305 2839 rhen.
330 2814 368 2840 n.
392 2814 421 2839 s·
444 2802 554 2847 XXX,
579 2802 662 2850 350.
790 2806 795 2808 “
1003 2830 1016 2833 .,
1704 2840 1708 2843 ,
1823 2802 1867 2815 ·“
